3122 4894
780 503 1020 574 -276-

792 681 1031 747 Antiochus.
1290 747 1293 752 ,

395 783 457 848 Hie
478 784 545 867 ipse
567 787 616 846 est
635 785 817 867 imperator,
846 806 937 866 quem
967 786 998 847 in
1029 786 1104 854 solio
1133 785 1323 850 residentem
1353 804 1425 849 0011-

395 890 504 972 spicis3
526 890 713 971 praecogita,
737 889 810 970 quid
831 887 976 968 loquaris.

803 991 1019 1073 Sapientia.

392 1077 462 1140 Hoe
496 1078 638 1160 prohibet
671 1076 786 1140 Christi
813 1079 986 1154 sententia,
1012 1078 1194 1160 promittens
1224 1077 1313 1139 nobis
1344 1077 1428 1138 insu-

395 1182 541 1263 perabilis
563 1181 732 1264 sapientiae
756 1182 844 1243 dona.

789 1283 1033 1347 Hadrianus.

396 1368 469 1436 Hue
491 1371 574 1446 ades,
597 1370 758 1462 Antioohe.
798 1425 800 1434 .

794 1457 1028 1520 Antiochus.
1094 1535 1097 1542 Ι

398 1540 528 1604 Praesto
551 1563 628 1619 sum,
651 1544 779 1606 domine.

788 1624 1036 1690 Hadrianus.

395 1732 552 1814 Numquid
574 1735 635 1795 hae
656 1736 728 1796 sunt
749 1733 960 1810 mulierculae,
983 1729 1059 1812 quas
1082 1729 1245 1791 deferebas
1267 1751 1323 1812 pro
1348 1727 1432 1790 chri-

396 1837 497 1897 stiana
518 1837 690 1916 religione?

791 1923 1023 1987 Antiochus.

398 2006 477 2069 Sunt
498 2007 600 2089 plane.

790 2093 1033 2155 Hadrianus.

397 2195 648 2278 Uniusoujusque
669 2197 929 2277 pulchritudinem
946 2199 1138 2280 obstupesco,
1155 2195 1211 2258 sed
1231 2198 1262 2258 et
1283 2196 1434 2258 honesta-

401 2301 464 2361 tem
486 2299 608 2361 habitus
631 2300 706 2370 satis
729 2300 874 2362 admirari
894 2321 1022 2380 nequeo.

804 2403 921 2466 Antio
932 2404 1034 2466 chus.

399 2489 524 2568 Desine,
542 2509 560 2552 0
581 2491 623 2550 mi
645 2489 756 2566 senior,
769 2490 913 2551 admirari
933 2494 965 2552 et
988 2510 1065 2570 noge
1087 2490 1255 2552 illasdeos
1278 2489 1435 2552 venerari.

794 2593 1037 2654 Hadrianus.

401 2679 492 2754 Quid,
522 2680 548 2740 si
576 2679 646 2741 illas
675 2679 806 2761 primule
835 2680 1003 2760 aggrediar
1024 2680 1138 2741 blanda
1159 2679 1382 2760 alloquutione,
1406 2677 1434 2739 si

401 2783 483 2845 forte
506 2783 604 2845 uelint
627 2783 763 2845 aedera?

800 2869 1034 2932 Antiochus.

400 2966 514 3033 Melius
544 2975 606 3050 est3
628 2957 707 3033 ‘nam
736 2971 888 3054 fragilitas
922 2995 1017 3035 sexus
1040 2973 1165 3036 feminei
1186 2971 1307 3034 facilius
1329 2975 1435 3056 potest

401 3075 619 3137 blandimentis
641 3076 761 3137 molliri.

796 3161 1036 3226 Hadrianus.

402 3257 539 3322 Illustris
561 3267 715 3341 matrona,
743 3263 857 3328 blande
887 3267 919 3328 et
940 3268 1043 3348 quiete
1067 3267 1107 3328 ad
1130 3265 1283 3346 culturam
1305 3265 1435 3328 deorum

403 3367 435 3427 te
456 3365 562 3443 invite,
586 3389 644 3448 quo
667 3372 772 3432 nostra
794 3371 914 3451 perfrui
934 3372 1035 3453 possis
1057 3369 1199 3432 amicitia.

812 3471 859 3534 Sa
895 3475 1029 3535 ientia.

402 3553 470 3618 ileo
492 3552 534 3618 in'
546 3557 668 3619 cultura
698 3559 826 3621 deornm
854 3495 916 3622 dus
941 3561 1023 3622 votis
1045 3560 1243 3638 satisfacere,
1272 3577 1333 3622 neo
1362 3558 1434 3621 ami-

403 3660 505 3723 oitiam
526 3662 628 3723 tecum
641 3663 679 3744 ¹³)
702 3663 801 3742 gestio
824 3663 911 3725 inire.

569 3833 571 3838 ,
795 3765 1039 3829 Hadrianus.

401 3866 514 3928 Adhuc
527 3865 667 3946 mitigato
681 3867 796 3942 furore,
811 3869 898 3931 nulla
913 3871 944 3931 in
957 3873 988 3933 te
1002 3889 1128 3932 moveor
1142 3865 1365 3951 indignatione,
1380 3870 1435 3932 sed

403 3990 459 4051 pro
482 3973 535 4032 tue
558 3970 663 4050 tuique
686 3970 819 4031 filiarum
833 3975 933 4035 salute
951 3977 1080 4056 paterno
1095 3973 1133 4056 ¹⁴)
1156 3974 1303 4036 sollicitor
1323 3993 1434 4036 amore.

403 4083 584 4100 —d—-n-——ffl-

359 4157 362 4161 ·
433 4139 586 4194 lanaeum,
607 4139 825 4186 litteratius.
854 4139 1209 4199 1431irspr.pstsrn2,aosa
1231 4143 1434 4186 rendlerllnd

483 4207 562 4262 corrig.
580 4209 603 4250 ln
616 4220 648 4264 pn
656 4213 664 4251 1
671 4223 683 4252 a
691 4221 721 4251 rn
728 4222 749 4254 0.
