3134 4896
588 436 803 504 ..77-

276 609 407 687 „Omnia
425 610 540 691 judiaio
563 611 616 692 qui
637 612 696 673 seis
719 612 896 673 discernere
913 612 1008 692 justo,

275 713 390 790 „Istius
411 714 555 776 meritum
576 714 675 777 saneti
697 715 746 775 faa
768 715 841 794 igne
864 714 996 796 probari,

275 815 344 891 „Ea
368 817 394 878 si
416 818 457 878 sit
478 820 582 878 tantae
604 817 701 878 fultus
722 817 866 878 bonitatis
888 819 1019 894 honore,

271 919 368 1000 „Ejus
391 923 425 981 ut
447 941 489 1001 ex
510 919 628 981 meritis
650 919 762 980 fierent
783 921 861 980 haee
883 921 963 982 dona
985 921 1102 996 salutis,

183 1018 257 1082 395.
276 1021 419 1098 „Frontis
441 1023 616 1104 pelliculam
638 1023 731 1084 facitu
752 1042 814 1084 non
835 1025 967 1102 tangere
988 1023 1149 1098 flammam,

274 1123 429 1200 „Vertiais
450 1125 574 1186 illaesos
597 1145 702 1186 omnes
726 1145 845 1206 quoque
868 1125 964 1186 redde
987 1126 1130 1207 capillos;

273 1225 347 1301 „sin
368 1247 444 1288 vero
465 1227 568 1288 meriti
590 1231 711 1290 constet
732 1229 864 1289 fortasse
886 1229 1020 1304 minoris,

270 1328 405 1404 „Mende
426 1349 481 1411 pro
504 1329 592 1409 signo
615 1331 716 1391 saltim
737 1331 819 1392 laedi
841 1334 910 1392 aute
933 1351 1059 1406 summa,

276 1431 390 1506 „quta
412 1436 554 1493 naturam
576 1433 695 1511 fragilis
719 1434 819 1493 carnis
842 1434 1038 1514 perituram.“

186 1531 259 1595 400.
275 1535 362 1595 Talia
385 1536 532 1610 dieentes,
556 1537 672 1596 alarum
695 1539 787 1615 eaput
808 1536 881 1616 igne
904 1537 1094 1618 probandum

272 1635 411 1718 Credunt
432 1621 641 1700 flammivomis
665 1639 774 1700 saltem
795 1639 994 1716 surgentibus
1016 1639 1106 1699 undis

272 1739 314 1801 Et
336 1741 460 1801 tandem
482 1743 593 1821 plenae
617 1740 749 1820 spatium
771 1741 952 1820 postumius
974 1741 1068 1800 horae

272 1841 341 1903 Hoe
363 1843 463 1923 ipsum
482 1844 597 1924 rapidis
622 1844 775 1904 extollunt
796 1842 928 1923 denique
952 1843 1089 1918 flammis,

272 1944 456 2007 Lustrantes
478 1947 589 2021 oeulis,
613 1946 776 2025 dampnum
799 1945 897 2006 ferret
919 1950 968 2006 ne*
981 1945 1106 2021 caloris,

186 2043 258 2107 405.
276 2047 367 2118 Quod
385 2051 450 2129 jam
472 2049 664 2130 splendidius
686 2067 763 2130 puro
786 2047 962 2109 radiaverat
984 2066 1068 2123 auro,

269 2149 393 2232 Expers
415 2152 533 2212 ardoris
555 2152 678 2232 penitus
700 2151 839 2230 tantique
862 2151 980 2211 caloris.

270 2252 351 2314 Hine
373 2273 495 2315 sursum
516 2254 616 2314 versis
638 2253 776 2314 laudavit
798 2255 888 2314 turba
910 2254 1010 2314 fidelis

271 2355 416 2416 Vultibue
438 2356 637 2416 altithronum
658 2355 826 2416 modulanti
848 2356 982 2416 earmina
1007 2352 1169 2432 Christum,

273 2455 334 2526 Qui
356 2458 447 2518 toties
468 2458 562 2518 tantis
585 2459 658 2518 feeit
680 2457 898 2538 splendescere
921 2457 1018 2536 signis

184 2556 256 2620 410.
269 2559 436 2638 Fragmina
458 2561 635 2633 constantis,
658 2580 714 2640 pro
737 2579 807 2619 sese
827 2562 955 2634 mortua,
977 2557 1075 2619 testis.

271 2659 358 2722 Haec
381 2665 413 2723 et
433 2663 589 2724 mausoleo
612 2663 705 2741 digne
728 2662 863 2722 condens
885 2662 1071 2736 venerando,

267 2764 367 2842 Digna
389 2767 532 2846 percerte
555 2766 687 2846 supplex
709 2768 879 2826 veneratur
900 2765 1025 2839 honore,

265 2868 435 2928 Finetenus
456 2868 565 2929 merito
587 2869 682 2946 vulgo
704 2870 783 2928 bene
806 2869 932 2930 credula
954 2868 1017 2929 noti

267 2967 402 3032 Caelitus
425 2974 517 3052 atque
539 2971 603 3032 dati
624 2990 746 3051 semper
768 2969 877 3050 gavisa
898 2971 1028 3052 patroni.

183 3125 362 3135 -—-——-—.

211 3204 258 3249 391,
274 3204 440 3259 disserere,
456 3205 504 3258 M.;
521 3205 603 3249 ebenee
617 3219 679 3260 unp.
693 3206 718 3247 P.
752 3207 799 3249 3⁹2
817 3204 920 3260 ΙΙΙΙιιι,
938 3205 963 3250 C.
977 3219 999 3248 u.
1013 3203 1037 3250 S.
1068 3204 1115 3250 401.
1129 3203 1210 3248 ileu·

282 3278 414 3328 miseni,
432 3277 483 3332 ,M.;
505 3288 547 3317 van
562 3276 586 3320 Ρ,
603 3277 632 3316 iet
646 3277 681 3315 ein
712 3275 925 3329 shinelaeeriiglrt.
952 3275 1000 3320 406.
1015 3275 1098 3332 Expers
1114 3276 1208 3316 odoris

271 3345 295 3386 (3.
309 3357 329 3385 u.
346 3345 369 3385 S.
396 3341 735 3397 ⁴11.meueeelo‚c.u.s
