3134 4896
772 454 986 526 ...48-

452 635 540 700 'luno
561 637 655 698 miser
676 638 707 698 in
730 637 825 701 talem
846 638 1168 720 coepitprornmpere
1190 655 1310 712 vocem,

496 739 594 815 Ultra,
618 759 708 821 qnam
731 743 850 817 credes,
873 759 960 822 spem
981 740 1103 802 dubiam
1124 741 1241 802 sciens:

449 843 495 920 „O
518 848 656 906 nostrate
677 845 781 920 docus,
803 843 882 906 nulli
902 845 1017 924 pietate
1040 843 1203 918 secundus,

370 943 439 1009 120.
495 947 615 1023 „Quem
638 948 710 1009 colit
732 967 806 1010 eous
829 941 940 1022 mente,
962 947 1186 1028 fide,pcpulus,

449 1049 552 1126 „Quid
574 1052 637 1128 tibi,
661 1051 733 1132 quid
756 1049 842 1130 digni
864 1049 943 1132 potis
966 1053 1014 1111 est
1035 1069 1104 1112 mea
1125 1049 1245 1129 lingula
1266 1051 1348 1112 fari?

493 1154 622 1228 „Nonne
644 1155 704 1216 tuis
727 1151 866 1214 manibus
890 1156 940 1214 est
961 1153 1019 1213 sita
1040 1159 1147 1216 nostre
1168 1152 1280 1217 salus?

450 1256 512 1331 „Et
533 1257 679 1338 quidquid
701 1255 775 1316 mihi
796 1277 852 1337 per
875 1258 1003 1318 verbnm
1025 1256 1125 1318 sancis
1148 1255 1330 1331 laciendum,

492 1359 661 1434 „Quamvis
684 1358 808 1420 difficile
831 1359 969 1420 situatis
991 1362 1083 1438 atque
1106 1377 1213 1440 grave,

368 1456 437 1522 125.
449 1460 615 1538 „Attamen
638 1465 686 1522 est
708 1480 839 1542 aequum
861 1462 916 1524 tibi
936 1479 1117 1543 meparere,
1140 1465 1240 1536 beate,

496 1563 557 1640 „Ut
579 1564 694 1626 dudum
717 1584 833 1626 summo
856 1565 1003 1643 exiguum
1024 1565 1152 1626 domiuo.

449 1666 502 1742 „si
523 1668 634 1749 placet,
656 1668 727 1732 hinc
748 1669 887 1731 vetulum
908 1687 957 1728 me
978 1669 1201 1747 transmigrare
1221 1667 1371 1742 colonum,

493 1770 581 1846 „Non
604 1773 819 1845 contraluctor,
842 1772 898 1832 sed
920 1774 974 1833 tua
993 1771 1080 1851 jusso
1102 1776 1241 1851 sequor.“

450 1869 538 1934 Haec
561 1874 611 1949 ait,
635 1877 666 1936 et
687 1875 803 1957 pressis
826 1875 929 1936 frenat
950 1893 1005 1936 sua
1027 1875 1157 1935 verbula
1179 1873 1281 1947 labris,

371 1971 439 2036 130.
496 1974 563 2038 Nec
585 1981 655 2059 post
676 1980 808 2040 verbosa
830 1977 902 2057 quid
924 1979 1064 2057 sequitur
1085 1977 1189 2056 ligula.

535 2078 576 2140 Et
598 2082 705 2140 contra
726 2081 775 2141 vir
796 2080 912 2159 regalis
934 2081 984 2161 pie
1006 2080 1080 2140 talia
1103 2079 1194 2140 santis
1295 2136 1296 2140 ,

493 2179 638 2262 Suscepit
660 2181 741 2244 dicte
762 2165 819 2265 pro
841 2182 977 2244 bonitate
1000 2201 1065 2256 sna,

449 2281 490 2343 Et
512 2283 601 2344 citius
624 2284 703 2346 dicto
727 2285 820 2347 solvit
841 2285 991 2368 promisse
1013 2285 1148 2360 misello,

494 2384 546 2447 Illi
568 2389 715 2449 centenos
738 2389 909 2451 attribuens
931 2389 1052 2452 solidos.

365 2483 434 2550 135.
449 2486 537 2550 Haec
559 2489 611 2551 nbi
632 2490 773 2572 perfecit,
796 2492 908 2574 raptim
928 2493 1087 2578 redeundo
1109 2491 1261 2571 migravit,

491 2591 603 2653 Nitens
625 2594 665 2655 ad
685 2595 816 2677 patriam
839 2613 972 2676 pergere
994 2595 1206 2677 posthabitam.

450 2693 546 2769 Tunc,
569 2697 703 2778 quinon
726 2697 816 2778 gnari
838 2699 961 2760 suerent
983 2697 1064 2778 signi
1086 2697 1266 2772 venerandi,

495 2797 576 2859 Olim
597 2799 736 2861 facturus
758 2802 839 2880 qnod
861 2801 919 2862 suit
939 2800 1143 2875 Altithrouus,

447 2899 669 2982 Blasphemare
691 2903 801 2964 ducem
823 2903 923 2964 tacitis
945 2922 1077 2985 coepere
1099 2905 1234 2964 susurris

364 2997 432 3064 140.
489 3001 532 3064 Et
552 3002 675 3085 pietatis
698 3025 776 3086 opus
799 3023 948 3086 spernere
972 3025 1029 3067 ceu
1051 3007 1178 3067 facinus.

532 3104 670 3182 Credito,
691 3125 752 3169 non
773 3109 900 3170 latuisse
923 3107 1026 3170 dolum
1047 3109 1171 3188 pietatis
1189 3108 1364 3182 homullum,

493 3209 555 3272 Sed
576 3227 649 3270 mox
670 3209 782 3272 nudari
804 3199 943 3272 clancula
966 3209 1047 3273 dicta
1069 3211 1134 3274 sibi.

452 3311 513 3382 Qui
534 3312 619 3372 dedit
641 3316 751 3392 arguto
773 3331 881 3376 vocem
902 3317 976 3376 tnnc
996 3332 1107 3394 nempe
1123 3301 1235 3395 peleto,

489 3413 547 3475 Hie
569 3415 734 3497 verbisque
758 3437 829 3478 suos
850 3418 1016 3498 alloquitur
1039 3416 1152 3478 socios:

365 3512 434 3580 145.
447 3513 529 3594 „Cur
550 3519 634 3594 libet,
656 3540 674 3581 o
697 3507 778 3596 socii,
800 3525 921 3582 vosmet
942 3520 1180 3604 reprehendere,
1203 3515 1275 3593 ceri,

492 3621 586 3699 „Plus
603 3624 688 3705 justo
710 3623 815 3685 verbis
836 3643 885 3686 me
908 3625 982 3686 satis
1003 3622 1125 3697 illicitis,

363 3846 542 3862 Ἣ

389 3999 434 4044 us
450 3997 480 4044 Se
494 3999 526 4042 M.
539 4011 561 4044 n.
570 3999 610 4055 1³.;
625 4002 679 4041 :laet
692 3997 766 4042 selene
781 3995 893 4040 viellelehr
907 3998 999 4050 elenu
1014 3997 1195 4054 dubiumque,
1211 3995 1235 4039 0.
1251 4011 1272 4040 ιι.
1288 3993 1312 4042 S.
1343 3994 1388 4041 lli.

438 4067 498 4123 stul,
510 4067 535 4111 S.
564 4067 609 4116 126.
621 4079 706 4110 summo
721 4079 756 4108 nae
770 4069 881 4124 exiguum,
895 4063 919 4112 0.
933 4079 955 4109 ι.
973 4065 998 4113 8.
1012 4060 1124 4124 (Hiems).
1142 4065 1185 4112 lla.
1200 4063 1388 4134 reprendere,

389 4134 394 4146 '
420 4135 464 4182 ’0.
480 4151 502 4182 u
518 4136 541 4183 S.
