<?xml version="1.0" encoding="UTF-8"?>
<!DOCTYPE html PUBLIC "-//W3C//DTD XHTML 1.0 Transitional//EN"
    "http://www.w3.org/TR/xhtml1/DTD/xhtml1-transitional.dtd">
<html xmlns="http://www.w3.org/1999/xhtml" xml:lang="en" lang="en">
 <head>
  <title>
</title>
<meta http-equiv="Content-Type" content="text/html;charset=utf-8" />
  <meta name='ocr-system' content='tesseract 3.04.00' />
  <meta name='ocr-capabilities' content='ocr_page ocr_carea ocr_par ocr_line ocrx_word'/>
</head>
<body>
  <div class='ocr_page' id='page_1' title='image "./diewerkederhrot00hrotgoog_0285.png"; bbox 0 0 3122 4894; ppageno 0'>
   <div class='ocr_carea' id='block_1_1' title="bbox 557 527 799 598">
    <p class='ocr_par' dir='ltr' id='par_1_1' title="bbox 557 527 799 598">
     <span class='ocr_line' id='line_1_1' title="bbox 557 527 799 598; baseline 0.017 -4"><span class='ocrx_word' id='word_1_1' title='bbox 557 527 799 598; x_wconf 48' lang='lat' dir='ltr'>*acl-</span> 
     </span>
    </p>
   </div>
   <div class='ocr_carea' id='block_1_2' title="bbox 166 699 1197 895">
    <p class='ocr_par' dir='ltr' id='par_1_2' title="bbox 166 699 1197 895">
     <span class='ocr_line' id='line_1_2' title="bbox 166 699 1196 792; baseline 0.015 -36"><span class='ocrx_word' id='word_1_2' title='bbox 166 699 396 760; x_wconf 73' lang='lat' dir='ltr'>malefactorem</span> <span class='ocrx_word' id='word_1_3' title='bbox 418 717 436 759; x_wconf 87' lang='lat' dir='ltr'>a</span> <span class='ocrx_word' id='word_1_4' title='bbox 457 700 590 763; x_wconf 87' lang='lat' dir='ltr'>vinculis</span> <span class='ocrx_word' id='word_1_5' title='bbox 611 704 717 764; x_wconf 88' lang='lat' dir='ltr'>mortis</span> <span class='ocrx_word' id='word_1_6' title='bbox 740 707 911 782; x_wconf 87' lang='lat' dir='ltr'>absolvere,</span> <span class='ocrx_word' id='word_1_7' title='bbox 929 707 981 787; x_wconf 88' lang='lat' dir='ltr'>qui</span> <span class='ocrx_word' id='word_1_8' title='bbox 996 729 1046 769; x_wconf 89' lang='lat' dir='ltr'>me</span> <span class='ocrx_word' id='word_1_9' title='bbox 1065 710 1196 792; x_wconf 77' lang='lat' dir='ltr'>decepit,</span> 
     </span>
     <span class='ocr_line' id='line_1_3' title="bbox 166 803 1197 895; baseline 0.012 -31"><span class='ocrx_word' id='word_1_10' title='bbox 166 821 216 864; x_wconf 91' lang='lat' dir='ltr'>me</span> <span class='ocrx_word' id='word_1_11' title='bbox 238 803 374 879; x_wconf 81' lang='lat' dir='ltr'>seduxit,</span> <span class='ocrx_word' id='word_1_12' title='bbox 395 823 506 883; x_wconf 89' lang='lat' dir='ltr'>meque</span> <span class='ocrx_word' id='word_1_13' title='bbox 528 805 568 864; x_wconf 89' lang='lat' dir='ltr'>ad</span> <span class='ocrx_word' id='word_1_14' title='bbox 600 807 776 868; x_wconf 88' lang='lat' dir='ltr'>audendum</span> <span class='ocrx_word' id='word_1_15' title='bbox 805 809 951 873; x_wconf 84' lang='lat' dir='ltr'>horribile</span> <span class='ocrx_word' id='word_1_16' title='bbox 979 811 1098 874; x_wconf 77' lang='lat' dir='ltr'>lacinus</span> <span class='ocrx_word' id='word_1_17' title='bbox 1127 833 1197 895; x_wconf 88' lang='lat' dir='ltr'>pro·</span> 
     </span>
    </p>
   </div>
   <div class='ocr_carea' id='block_1_3' title="bbox 165 906 787 1056">
    <p class='ocr_par' dir='ltr' id='par_1_3' title="bbox 165 906 787 1056">
     <span class='ocr_line' id='line_1_4' title="bbox 165 906 298 968; baseline -0.008 -2"><span class='ocrx_word' id='word_1_18' title='bbox 165 906 298 968; x_wconf 79' lang='lat' dir='ltr'>vocavit.</span> 
     </span>
     <span class='ocr_line' id='line_1_5' title="bbox 569 992 787 1056; baseline 0.005 -1"><span class='ocrx_word' id='word_1_19' title='bbox 569 992 787 1056; x_wconf 70' lang='lat' dir='ltr'>lohannes</span> 
     </span>
    </p>
   </div>
   <div class='ocr_carea' id='block_1_4' title="bbox 163 1092 1195 1792">
    <p class='ocr_par' dir='ltr' id='par_1_4' title="bbox 163 1092 1195 1792">
     <span class='ocr_line' id='line_1_6' title="bbox 165 1092 1092 1174; baseline 0.011 -21"><span class='ocrx_word' id='word_1_20' title='bbox 165 1092 235 1154; x_wconf 87' lang='lat' dir='ltr'>Non</span> <span class='ocrx_word' id='word_1_21' title='bbox 258 1094 352 1154; x_wconf 87' lang='lat' dir='ltr'>debes</span> <span class='ocrx_word' id='word_1_22' title='bbox 374 1093 419 1154; x_wconf 90' lang='lat' dir='ltr'>illi</span> <span class='ocrx_word' id='word_1_23' title='bbox 440 1094 581 1164; x_wconf 83' lang='lat' dir='ltr'>invidere</span> <span class='ocrx_word' id='word_1_24' title='bbox 604 1097 736 1174; x_wconf 85' lang='lat' dir='ltr'>gratiam</span> <span class='ocrx_word' id='word_1_25' title='bbox 757 1098 879 1160; x_wconf 90' lang='lat' dir='ltr'>divinae</span> <span class='ocrx_word' id='word_1_26' title='bbox 903 1100 1092 1162; x_wconf 88' lang='lat' dir='ltr'>clementiae.</span> 
     </span>
     <span class='ocr_line' id='line_1_7' title="bbox 547 1195 814 1261; baseline 0.011 -3"><span class='ocrx_word' id='word_1_27' title='bbox 547 1195 814 1261; x_wconf 80' lang='lat' dir='ltr'>Galimachus</span> 
     </span>
     <span class='ocr_line' id='line_1_8' title="bbox 164 1297 1195 1389; baseline 0.011 -30"><span class='ocrx_word' id='word_1_28' title='bbox 164 1297 234 1359; x_wconf 87' lang='lat' dir='ltr'>Non</span> <span class='ocrx_word' id='word_1_29' title='bbox 257 1301 306 1360; x_wconf 89' lang='lat' dir='ltr'>est</span> <span class='ocrx_word' id='word_1_30' title='bbox 327 1299 409 1360; x_wconf 88' lang='lat' dir='ltr'>enim</span> <span class='ocrx_word' id='word_1_31' title='bbox 432 1298 543 1378; x_wconf 82' lang='lat' dir='ltr'>dignus</span> <span class='ocrx_word' id='word_1_32' title='bbox 559 1303 798 1380; x_wconf 86' lang='lat' dir='ltr'>resurrectione,</span> <span class='ocrx_word' id='word_1_33' title='bbox 815 1303 867 1384; x_wconf 88' lang='lat' dir='ltr'>qui</span> <span class='ocrx_word' id='word_1_34' title='bbox 882 1307 989 1367; x_wconf 78' lang='lat' dir='ltr'>auctor</span> <span class='ocrx_word' id='word_1_35' title='bbox 1006 1307 1110 1370; x_wconf 81' lang='lat' dir='ltr'>extit‘t</span> <span class='ocrx_word' id='word_1_36' title='bbox 1125 1327 1195 1389; x_wconf 86' lang='lat' dir='ltr'>per·</span> 
     </span>
     <span class='ocr_line' id='line_1_9' title="bbox 166 1399 476 1484; baseline 0 -22"><span class='ocrx_word' id='word_1_37' title='bbox 166 1402 272 1464; x_wconf 89' lang='lat' dir='ltr'>ditioni</span> <span class='ocrx_word' id='word_1_38' title='bbox 282 1399 324 1484; x_wconf 74' lang='lat'>⁴⁷)</span> <span class='ocrx_word' id='word_1_39' title='bbox 347 1403 476 1466; x_wconf 88' lang='lat' dir='ltr'>alienae.</span> 
     </span>
     <span class='ocr_line' id='line_1_10' title="bbox 559 1506 785 1580; baseline 0 -11"><span class='ocrx_word' id='word_1_40' title='bbox 559 1506 785 1580; x_wconf 79' lang='lat' dir='ltr'>,Johannes</span> 
     </span>
     <span class='ocr_line' id='line_1_11' title="bbox 163 1608 1192 1691; baseline 0.006 -22"><span class='ocrx_word' id='word_1_41' title='bbox 163 1608 234 1669; x_wconf 86' lang='lat' dir='ltr'>Lex</span> <span class='ocrx_word' id='word_1_42' title='bbox 255 1610 380 1669; x_wconf 87' lang='lat' dir='ltr'>nostrae</span> <span class='ocrx_word' id='word_1_43' title='bbox 406 1608 567 1687; x_wconf 80' lang='lat' dir='ltr'>religionis</span> <span class='ocrx_word' id='word_1_44' title='bbox 595 1610 698 1684; x_wconf 90' lang='lat' dir='ltr'>docet,</span> <span class='ocrx_word' id='word_1_45' title='bbox 727 1614 761 1672; x_wconf 92' lang='lat' dir='ltr'>ut</span> <span class='ocrx_word' id='word_1_46' title='bbox 789 1613 878 1673; x_wconf 91' lang='lat' dir='ltr'>homo</span> <span class='ocrx_word' id='word_1_47' title='bbox 906 1613 1020 1675; x_wconf 92' lang='lat' dir='ltr'>homini</span> <span class='ocrx_word' id='word_1_48' title='bbox 1050 1613 1192 1691; x_wconf 87' lang='lat' dir='ltr'>dimittat,</span> 
     </span>
     <span class='ocr_line' id='line_1_12' title="bbox 164 1711 683 1792; baseline 0.004 -20"><span class='ocrx_word' id='word_1_49' title='bbox 164 1712 190 1772; x_wconf 87' lang='lat' dir='ltr'>si</span> <span class='ocrx_word' id='word_1_50' title='bbox 211 1711 278 1792; x_wconf 83' lang='lat' dir='ltr'>ipse</span> <span class='ocrx_word' id='word_1_51' title='bbox 301 1729 319 1772; x_wconf 88' lang='lat' dir='ltr'>a</span> <span class='ocrx_word' id='word_1_52' title='bbox 340 1712 407 1773; x_wconf 90' lang='lat' dir='ltr'>Deo</span> <span class='ocrx_word' id='word_1_53' title='bbox 430 1712 540 1774; x_wconf 86' lang='lat' dir='ltr'>dimitti</span> <span class='ocrx_word' id='word_1_54' title='bbox 561 1713 683 1774; x_wconf 85' lang='lat' dir='ltr'>ambiat.</span> 
     </span>
    </p>
   </div>
   <div class='ocr_carea' id='block_1_5' title="bbox 163 1814 823 2060">
    <p class='ocr_par' dir='ltr' id='par_1_5' title="bbox 163 1814 823 2060">
     <span class='ocr_line' id='line_1_13' title="bbox 529 1814 823 1878; baseline 0.003 -2"><span class='ocrx_word' id='word_1_55' title='bbox 529 1814 823 1878; x_wconf 81' lang='lat' dir='ltr'>Androniohus.</span> 
     </span>
     <span class='ocr_line' id='line_1_14' title="bbox 163 1898 295 1961; baseline -0.008 0"><span class='ocrx_word' id='word_1_56' title='bbox 163 1898 295 1961; x_wconf 86' lang='lat' dir='ltr'>Justum.</span> 
     </span>
     <span class='ocr_line' id='line_1_15' title="bbox 517 1986 788 2060; baseline -0.011 -11"><span class='ocrx_word' id='word_1_57' title='bbox 517 2055 520 2060; x_wconf 61' lang='grc'>,</span> <span class='ocrx_word' id='word_1_58' title='bbox 574 1986 788 2048; x_wconf 88' lang='lat' dir='ltr'>Johannes.</span> 
     </span>
    </p>
   </div>
   <div class='ocr_carea' id='block_1_6' title="bbox 159 2086 1193 2477">
    <p class='ocr_par' dir='ltr' id='par_1_6' title="bbox 159 2086 1193 2477">
     <span class='ocr_line' id='line_1_16' title="bbox 162 2086 1192 2172; baseline 0.005 -24"><span class='ocrx_word' id='word_1_59' title='bbox 162 2086 294 2158; x_wconf 80' lang='lat' dir='ltr'>Quando</span> <span class='ocrx_word' id='word_1_60' title='bbox 318 2088 410 2148; x_wconf 85' lang='lat' dir='ltr'>etiam</span> <span class='ocrx_word' id='word_1_61' title='bbox 430 2089 489 2149; x_wconf 91' lang='lat' dir='ltr'>Dei</span> <span class='ocrx_word' id='word_1_62' title='bbox 510 2089 687 2168; x_wconf 81' lang='lat' dir='ltr'>unigenitus</span> <span class='ocrx_word' id='word_1_63' title='bbox 714 2091 855 2170; x_wconf 89' lang='lat' dir='ltr'>idemque</span> <span class='ocrx_word' id='word_1_64' title='bbox 878 2089 1017 2170; x_wconf 80' lang='lat' dir='ltr'>Virginis</span> <span class='ocrx_word' id='word_1_65' title='bbox 1039 2091 1192 2172; x_wconf 80' lang='lat' dir='ltr'>primoge-</span> 
     </span>
     <span class='ocr_line' id='line_1_17' title="bbox 160 2190 1190 2270; baseline 0.008 -22"><span class='ocrx_word' id='word_1_66' title='bbox 160 2190 261 2265; x_wconf 89' lang='lat' dir='ltr'>nitus,</span> <span class='ocrx_word' id='word_1_67' title='bbox 293 2191 345 2270; x_wconf 88' lang='lat' dir='ltr'>qui</span> <span class='ocrx_word' id='word_1_68' title='bbox 367 2193 450 2252; x_wconf 84' lang='lat' dir='ltr'>solus</span> <span class='ocrx_word' id='word_1_69' title='bbox 472 2191 629 2266; x_wconf 89' lang='lat' dir='ltr'>innocens,</span> <span class='ocrx_word' id='word_1_70' title='bbox 663 2193 746 2252; x_wconf 89' lang='lat' dir='ltr'>solus</span> <span class='ocrx_word' id='word_1_71' title='bbox 768 2193 987 2269; x_wconf 90' lang='lat' dir='ltr'>inmaculatus,</span> <span class='ocrx_word' id='word_1_72' title='bbox 1018 2193 1101 2255; x_wconf 89' lang='lat' dir='ltr'>solus</span> <span class='ocrx_word' id='word_1_73' title='bbox 1124 2195 1190 2256; x_wconf 86' lang='lat' dir='ltr'>sine</span> 
     </span>
     <span class='ocr_line' id='line_1_18' title="bbox 160 2291 1193 2377; baseline 0.005 -26"><span class='ocrx_word' id='word_1_74' title='bbox 160 2292 287 2352; x_wconf 86' lang='lat' dir='ltr'>veterni</span> <span class='ocrx_word' id='word_1_75' title='bbox 310 2293 401 2352; x_wconf 89' lang='lat' dir='ltr'>sorde</span> <span class='ocrx_word' id='word_1_76' title='bbox 412 2291 454 2372; x_wconf 73' lang='grc'>48)</span> <span class='ocrx_word' id='word_1_77' title='bbox 478 2293 580 2353; x_wconf 88' lang='lat' dir='ltr'>delicti</span> <span class='ocrx_word' id='word_1_78' title='bbox 594 2294 625 2353; x_wconf 91' lang='lat' dir='ltr'>in</span> <span class='ocrx_word' id='word_1_79' title='bbox 644 2294 792 2356; x_wconf 86' lang='lat' dir='ltr'>mundum</span> <span class='ocrx_word' id='word_1_80' title='bbox 805 2296 900 2372; x_wconf 84' lang='lat' dir='ltr'>venit,</span> <span class='ocrx_word' id='word_1_81' title='bbox 913 2312 1017 2357; x_wconf 85' lang='lat' dir='ltr'>omnes</span> <span class='ocrx_word' id='word_1_82' title='bbox 1035 2297 1091 2358; x_wconf 88' lang='lat' dir='ltr'>sub</span> <span class='ocrx_word' id='word_1_83' title='bbox 1103 2297 1193 2377; x_wconf 80' lang='lat' dir='ltr'>gravi</span> 
     </span>
     <span class='ocr_line' id='line_1_19' title="bbox 159 2379 1108 2477; baseline 0.002 -21"><span class='ocrx_word' id='word_1_84' title='bbox 159 2415 253 2456; x_wconf 91' lang='lat' dir='ltr'>onere</span> <span class='ocrx_word' id='word_1_85' title='bbox 276 2396 395 2477; x_wconf 89' lang='lat' dir='ltr'>peccati</span> <span class='ocrx_word' id='word_1_86' title='bbox 419 2397 582 2477; x_wconf 87' lang='lat' dir='ltr'>depressos</span> <span class='ocrx_word' id='word_1_87' title='bbox 604 2396 731 2457; x_wconf 88' lang='lat' dir='ltr'>invenit.</span> <span class='ocrx_word' id='word_1_88' title='bbox 1042 2413 1044 2417; x_wconf 82' lang='lat'>·</span> <span class='ocrx_word' id='word_1_89' title='bbox 1102 2379 1108 2392; x_wconf 54' lang='lat'><em>⁶</em></span> 
     </span>
    </p>
   </div>
   <div class='ocr_carea' id='block_1_7' title="bbox 312 2499 824 2583">
    <p class='ocr_par' dir='ltr' id='par_1_7' title="bbox 312 2499 824 2583">
     <span class='ocr_line' id='line_1_20' title="bbox 312 2499 824 2583; baseline -0.006 -21"><span class='ocrx_word' id='word_1_90' title='bbox 312 2555 327 2583; x_wconf 79' lang='grc'>,</span> <span class='ocrx_word' id='word_1_91' title='bbox 532 2499 824 2560; x_wconf 88' lang='lat' dir='ltr'>Andronichus.</span> 
     </span>
    </p>
   </div>
   <div class='ocr_carea' id='block_1_8' title="bbox 158 2582 787 2730">
    <p class='ocr_par' dir='ltr' id='par_1_8' title="bbox 158 2582 787 2730">
     <span class='ocr_line' id='line_1_21' title="bbox 158 2582 285 2646; baseline 0 -2"><span class='ocrx_word' id='word_1_92' title='bbox 158 2582 285 2646; x_wconf 87' lang='lat' dir='ltr'>Verum.</span> 
     </span>
     <span class='ocr_line' id='line_1_22' title="bbox 572 2668 787 2730; baseline -0.009 0"><span class='ocrx_word' id='word_1_93' title='bbox 572 2668 787 2730; x_wconf 74' lang='lat' dir='ltr'>Johannen</span> 
     </span>
    </p>
   </div>
   <div class='ocr_carea' id='block_1_9' title="bbox 156 2770 1190 3677">
    <p class='ocr_par' dir='ltr' id='par_1_9' title="bbox 158 2770 1190 3163">
     <span class='ocr_line' id='line_1_23' title="bbox 159 2770 1190 2852; baseline 0.003 -20"><span class='ocrx_word' id='word_1_94' title='bbox 159 2770 285 2834; x_wconf 83' lang='lat' dir='ltr'>Scilicet</span> <span class='ocrx_word' id='word_1_95' title='bbox 321 2773 440 2833; x_wconf 89' lang='lat' dir='ltr'>nullum</span> <span class='ocrx_word' id='word_1_96' title='bbox 475 2773 608 2852; x_wconf 86' lang='lat' dir='ltr'>justum,</span> <span class='ocrx_word' id='word_1_97' title='bbox 642 2772 761 2833; x_wconf 90' lang='lat' dir='ltr'>nullum</span> <span class='ocrx_word' id='word_1_98' title='bbox 787 2772 1000 2834; x_wconf 52' lang='lat' dir='ltr'>,misericordia</span> <span class='ocrx_word' id='word_1_99' title='bbox 1033 2771 1190 2836; x_wconf 82' lang='lat' dir='ltr'>inveniret</span> 
     </span>
     <span class='ocr_line' id='line_1_24' title="bbox 158 2874 1189 2960; baseline 0.003 -25"><span class='ocrx_word' id='word_1_100' title='bbox 158 2875 300 2954; x_wconf 82' lang='lat' dir='ltr'>dignum,</span> <span class='ocrx_word' id='word_1_101' title='bbox 330 2875 484 2936; x_wconf 88' lang='lat' dir='ltr'>neminem</span> <span class='ocrx_word' id='word_1_102' title='bbox 511 2877 614 2938; x_wconf 87' lang='lat' dir='ltr'>tamen</span> <span class='ocrx_word' id='word_1_103' title='bbox 637 2875 769 2956; x_wconf 82' lang='lat' dir='ltr'>sprevit,</span> <span class='ocrx_word' id='word_1_104' title='bbox 798 2874 954 2936; x_wconf 86' lang='lat' dir='ltr'>neminem</span> <span class='ocrx_word' id='word_1_105' title='bbox 981 2893 1055 2936; x_wconf 89' lang='lat' dir='ltr'>suae</span> <span class='ocrx_word' id='word_1_106' title='bbox 1084 2877 1189 2960; x_wconf 76' lang='lat' dir='ltr'>grado</span> 
     </span>
     <span class='ocr_line' id='line_1_25' title="bbox 160 2976 1190 3060; baseline 0.002 -22"><span class='ocrx_word' id='word_1_107' title='bbox 160 2979 285 3059; x_wconf 88' lang='lat' dir='ltr'>pietatis</span> <span class='ocrx_word' id='word_1_108' title='bbox 306 2979 451 3060; x_wconf 83' lang='lat' dir='ltr'>privavit,</span> <span class='ocrx_word' id='word_1_109' title='bbox 465 2979 521 3039; x_wconf 89' lang='lat' dir='ltr'>sed</span> <span class='ocrx_word' id='word_1_110' title='bbox 537 2998 571 3039; x_wconf 88' lang='lat' dir='ltr'>se</span> <span class='ocrx_word' id='word_1_111' title='bbox 593 2979 694 3058; x_wconf 88' lang='lat' dir='ltr'>ipsum</span> <span class='ocrx_word' id='word_1_112' title='bbox 717 2976 909 3060; x_wconf 69' lang='lat' dir='ltr'>omnibus49)</span> <span class='ocrx_word' id='word_1_113' title='bbox 930 2976 1060 3042; x_wconf 85' lang='lat' dir='ltr'>tradidit</span> <span class='ocrx_word' id='word_1_114' title='bbox 1081 2979 1190 3060; x_wconf 87' lang='lat' dir='ltr'>suique</span> 
     </span>
     <span class='ocr_line' id='line_1_26' title="bbox 159 3080 831 3163; baseline -0.001 -22"><span class='ocrx_word' id='word_1_115' title='bbox 159 3081 307 3142; x_wconf 86' lang='lat' dir='ltr'>dilectam</span> <span class='ocrx_word' id='word_1_116' title='bbox 328 3083 460 3143; x_wconf 89' lang='lat' dir='ltr'>animam</span> <span class='ocrx_word' id='word_1_117' title='bbox 481 3101 537 3163; x_wconf 88' lang='lat' dir='ltr'>pro</span> <span class='ocrx_word' id='word_1_118' title='bbox 561 3082 701 3146; x_wconf 84' lang='lat' dir='ltr'>omnibus</span> <span class='ocrx_word' id='word_1_119' title='bbox 720 3080 831 3162; x_wconf 87' lang='lat' dir='ltr'>posuit.</span> 
     </span>
    </p>

    <p class='ocr_par' dir='ltr' id='par_1_10' title="bbox 158 3183 1096 3366">
     <span class='ocr_line' id='line_1_27' title="bbox 230 3183 821 3258; baseline -0.005 -11"><span class='ocrx_word' id='word_1_120' title='bbox 230 3253 234 3258; x_wconf 62' lang='grc'><strong>,</strong></span> <span class='ocrx_word' id='word_1_121' title='bbox 528 3183 821 3245; x_wconf 81' lang='lat' dir='ltr'>Andronichus.</span> 
     </span>
     <span class='ocr_line' id='line_1_28' title="bbox 158 3285 1096 3366; baseline 0 -18"><span class='ocrx_word' id='word_1_122' title='bbox 158 3285 192 3349; x_wconf 85' lang='lat' dir='ltr'>Si</span> <span class='ocrx_word' id='word_1_123' title='bbox 212 3287 360 3349; x_wconf 82' lang='lat' dir='ltr'>innocens</span> <span class='ocrx_word' id='word_1_124' title='bbox 380 3305 442 3348; x_wconf 94' lang='lat' dir='ltr'>non</span> <span class='ocrx_word' id='word_1_125' title='bbox 464 3286 665 3360; x_wconf 86' lang='lat' dir='ltr'>occideretur,</span> <span class='ocrx_word' id='word_1_126' title='bbox 687 3304 776 3345; x_wconf 89' lang='lat' dir='ltr'>nemo</span> <span class='ocrx_word' id='word_1_127' title='bbox 795 3287 880 3366; x_wconf 83' lang='lat' dir='ltr'>juste</span> <span class='ocrx_word' id='word_1_128' title='bbox 901 3286 1096 3348; x_wconf 88' lang='lat' dir='ltr'>liberaretur.</span> 
     </span>
    </p>

    <p class='ocr_par' dir='ltr' id='par_1_11' title="bbox 568 3388 786 3452">
     <span class='ocr_line' id='line_1_29' title="bbox 568 3388 786 3452; baseline -0.032 0"><span class='ocrx_word' id='word_1_129' title='bbox 568 3388 786 3452; x_wconf 82' lang='lat' dir='ltr'>Johannes</span> 
     </span>
    </p>

    <p class='ocr_par' dir='ltr' id='par_1_12' title="bbox 156 3487 1188 3677">
     <span class='ocr_line' id='line_1_30' title="bbox 156 3487 1188 3570; baseline 0 -16"><span class='ocrx_word' id='word_1_130' title='bbox 156 3493 233 3554; x_wconf 92' lang='lat' dir='ltr'>Ideo</span> <span class='ocrx_word' id='word_1_131' title='bbox 253 3492 285 3553; x_wconf 93' lang='lat' dir='ltr'>in</span> <span class='ocrx_word' id='word_1_132' title='bbox 306 3491 462 3554; x_wconf 90' lang='lat' dir='ltr'>hominum</span> <span class='ocrx_word' id='word_1_133' title='bbox 482 3510 544 3552; x_wconf 94' lang='lat' dir='ltr'>non</span> <span class='ocrx_word' id='word_1_134' title='bbox 566 3491 738 3551; x_wconf 86' lang='lat' dir='ltr'>delectatur</span> <span class='ocrx_word' id='word_1_135' title='bbox 750 3488 790 3570; x_wconf 73' lang='lat'>⁵⁰)</span> <span class='ocrx_word' id='word_1_136' title='bbox 812 3487 1000 3570; x_wconf 86' lang='lat' dir='ltr'>perditione,</span> <span class='ocrx_word' id='word_1_137' title='bbox 1033 3509 1110 3569; x_wconf 89' lang='lat' dir='ltr'>quos</span> <span class='ocrx_word' id='word_1_138' title='bbox 1132 3511 1188 3555; x_wconf 86' lang='lat' dir='ltr'>suo</span> 
     </span>
     <span class='ocr_line' id='line_1_31' title="bbox 158 3592 773 3677; baseline -0.007 -21"><span class='ocrx_word' id='word_1_139' title='bbox 158 3599 276 3677; x_wconf 90' lang='lat' dir='ltr'>emptos</span> <span class='ocrx_word' id='word_1_140' title='bbox 297 3594 436 3658; x_wconf 90' lang='lat' dir='ltr'>meminit</span> <span class='ocrx_word' id='word_1_141' title='bbox 455 3593 590 3676; x_wconf 90' lang='lat' dir='ltr'>pretioso</span> <span class='ocrx_word' id='word_1_142' title='bbox 613 3592 773 3672; x_wconf 86' lang='lat' dir='ltr'>sanguine.</span> 
     </span>
    </p>
   </div>
   <div class='ocr_carea' id='block_1_10' title="bbox 158 3693 817 3846">
    <p class='ocr_par' dir='ltr' id='par_1_13' title="bbox 158 3693 817 3846">
     <span class='ocr_line' id='line_1_32' title="bbox 524 3693 817 3759; baseline -0.014 -1"><span class='ocrx_word' id='word_1_143' title='bbox 524 3693 817 3759; x_wconf 86' lang='lat' dir='ltr'>Androniohus.</span> 
     </span>
     <span class='ocr_line' id='line_1_33' title="bbox 158 3781 356 3846; baseline 0 0"><span class='ocrx_word' id='word_1_144' title='bbox 158 3781 282 3846; x_wconf 85' lang='lat' dir='ltr'>Gratias</span> <span class='ocrx_word' id='word_1_145' title='bbox 303 3785 356 3846; x_wconf 89' lang='lat' dir='ltr'>illi.</span> 
     </span>
    </p>
   </div>
   <div class='ocr_carea' id='block_1_11' title="bbox 142 3995 1186 4140">
    <p class='ocr_par' dir='ltr' id='par_1_14' title="bbox 142 3995 1186 4140">
     <span class='ocr_line' id='line_1_34' title="bbox 142 3995 1185 4076; baseline -0.003 -14"><span class='ocrx_word' id='word_1_146' title='bbox 142 4005 150 4036; x_wconf 81' lang='lat'><strong><em>¹</em></strong></span> <span class='ocrx_word' id='word_1_147' title='bbox 179 4015 468 4076; x_wconf 73' lang='lat' dir='ltr'>dl)pertlitlonlr‚c‚</span> <span class='ocrx_word' id='word_1_148' title='bbox 490 4013 741 4072; x_wconf 48' lang='lat' dir='ltr'>&amp;angustato</span> <span class='ocrx_word' id='word_1_149' title='bbox 760 4012 1049 4068; x_wconf 69' lang='lat' dir='ltr'>urrunouehdenliattv.</span> <span class='ocrx_word' id='word_1_150' title='bbox 1076 3995 1185 4071; x_wconf 60' lang='lat' dir='ltr'>tinnuli</span> 
     </span>
     <span class='ocr_line' id='line_1_35' title="bbox 235 4082 1186 4140; baseline -0.003 -10"><span class='ocrx_word' id='word_1_151' title='bbox 235 4091 301 4132; x_wconf 79' lang='lat' dir='ltr'>sorde</span> <span class='ocrx_word' id='word_1_152' title='bbox 315 4089 375 4131; x_wconf 77' lang='lat' dir='ltr'>stelit</span> <span class='ocrx_word' id='word_1_153' title='bbox 390 4091 418 4129; x_wconf 82' lang='lat' dir='ltr'>lm</span> <span class='ocrx_word' id='word_1_154' title='bbox 434 4088 488 4132; x_wconf 83' lang='lat' dir='ltr'>cod.</span> <span class='ocrx_word' id='word_1_155' title='bbox 503 4085 570 4140; x_wconf 78' lang='lat' dir='ltr'>fult,</span> <span class='ocrx_word' id='word_1_156' title='bbox 586 4087 626 4127; x_wconf 77' lang='lat' dir='ltr'>dor</span> <span class='ocrx_word' id='word_1_157' title='bbox 637 4085 719 4135; x_wconf 81' lang='lat' dir='ltr'>jedoeh</span> <span class='ocrx_word' id='word_1_158' title='bbox 734 4083 804 4126; x_wconf 73' lang='lat' dir='ltr'>sehon</span> <span class='ocrx_word' id='word_1_159' title='bbox 818 4083 933 4124; x_wconf 47' lang='lat' dir='ltr'>voneoltor</span> <span class='ocrx_word' id='word_1_160' title='bbox 946 4083 1010 4124; x_wconf 82' lang='lat' dir='ltr'>Hand</span> <span class='ocrx_word' id='word_1_161' title='bbox 1027 4082 1096 4125; x_wconf 78' lang='lat' dir='ltr'>duret</span> <span class='ocrx_word' id='word_1_162' title='bbox 1109 4085 1186 4127; x_wconf 70' lang='lat' dir='ltr'>Uotur-</span> 
     </span>
    </p>
   </div>
   <div class='ocr_carea' id='block_1_12' title="bbox 234 4151 1186 4281">
    <p class='ocr_par' dir='ltr' id='par_1_15' title="bbox 234 4151 1186 4281">
     <span class='ocr_line' id='line_1_36' title="bbox 234 4151 1186 4212; baseline 0.002 -14"><span class='ocrx_word' id='word_1_163' title='bbox 234 4158 364 4212; x_wconf 74' lang='lat' dir='ltr'>olrelclrung</span> <span class='ocrx_word' id='word_1_164' title='bbox 377 4157 411 4198; x_wconf 76' lang='lat' dir='ltr'>als</span> <span class='ocrx_word' id='word_1_165' title='bbox 425 4155 561 4210; x_wconf 73' lang='lat' dir='ltr'>dberflilnrig</span> <span class='ocrx_word' id='word_1_166' title='bbox 578 4155 709 4198; x_wconf 75' lang='lat' dir='ltr'>braclehnet</span> <span class='ocrx_word' id='word_1_167' title='bbox 721 4154 811 4208; x_wconf 71' lang='lat' dir='ltr'>wurd03</span> <span class='ocrx_word' id='word_1_168' title='bbox 831 4165 855 4194; x_wconf 77' lang='grc' dir='ltr'>ει</span> <span class='ocrx_word' id='word_1_169' title='bbox 870 4154 899 4194; x_wconf 74' lang='lat' dir='ltr'>ot</span> <span class='ocrx_word' id='word_1_170' title='bbox 912 4151 968 4194; x_wconf 70' lang='lat' dir='ltr'>euch</span> <span class='ocrx_word' id='word_1_171' title='bbox 983 4153 1005 4195; x_wconf 84' lang='lat' dir='ltr'>ln</span> <span class='ocrx_word' id='word_1_172' title='bbox 1018 4152 1043 4200; x_wconf 84' lang='lat' dir='ltr'>P.</span> <span class='ocrx_word' id='word_1_173' title='bbox 1051 4154 1186 4208; x_wconf 73' lang='lat' dir='ltr'>gestrlruen.</span> 
     </span>
     <span class='ocr_line' id='line_1_37' title="bbox 234 4220 951 4281; baseline 0 -13"><span class='ocrx_word' id='word_1_174' title='bbox 234 4225 273 4281; x_wconf 75' lang='grc'>19)</span> <span class='ocrx_word' id='word_1_175' title='bbox 288 4227 433 4281; x_wconf 79' lang='lat' dir='ltr'>omuibur,</span> <span class='ocrx_word' id='word_1_176' title='bbox 447 4223 504 4266; x_wconf 78' lang='lat' dir='ltr'>fehlt</span> <span class='ocrx_word' id='word_1_177' title='bbox 516 4225 540 4266; x_wconf 83' lang='lat' dir='ltr'>in</span> <span class='ocrx_word' id='word_1_178' title='bbox 554 4223 579 4270; x_wconf 78' lang='lat' dir='ltr'>C.</span> <span class='ocrx_word' id='word_1_179' title='bbox 593 4237 616 4268; x_wconf 88' lang='lat' dir='ltr'>u.</span> <span class='ocrx_word' id='word_1_180' title='bbox 629 4224 653 4268; x_wconf 85' lang='lat' dir='ltr'>S.</span> <span class='ocrx_word' id='word_1_181' title='bbox 679 4225 718 4279; x_wconf 76' lang='grc'>50)</span> <span class='ocrx_word' id='word_1_182' title='bbox 734 4223 857 4266; x_wconf 78' lang='lat' dir='ltr'>delectatur</span> <span class='ocrx_word' id='word_1_183' title='bbox 870 4224 906 4278; x_wconf 87' lang='lat' dir='ltr'>ln,</span> <span class='ocrx_word' id='word_1_184' title='bbox 919 4220 951 4268; x_wconf 76' lang='lat' dir='ltr'>M.</span> 
     </span>
    </p>
   </div>
   <div class='ocr_carea' id='block_1_13' title="bbox 0 0 1566 4894">
    <p class='ocr_par' dir='ltr' id='par_1_16' title="bbox 0 0 1566 4894">
     <span class='ocr_line' id='line_1_38' title="bbox 0 0 1566 4894; baseline 0 4"><span class='ocrx_word' id='word_1_185' title='bbox 0 0 1566 4894; x_wconf 95' lang='lat' dir='ltr'> </span> 
     </span>
    </p>
   </div>
  </div>
 </body>
</html>
