3044 4884
820 567 864 581 ..
904 527 928 595 2
968 564 1013 579 ...

406 731 527 804 ruque
552 705 624 780 sub
650 706 722 777 hac
746 704 851 776 serie
876 700 1186 798 reprehensione
1211 700 1328 795 dignu
1347 700 1427 774 iati-

404 881 501 965 tarc,
539 871 610 945 sed
649 891 806 943 errores
838 868 975 941 fatenti
999 866 1124 939 facilis
1149 867 1276 960 venia,
1309 865 1427 939 vitiis·

404 1060 479 1135 qne
505 1039 667 1112 debetur
692 1037 757 1132 pia
782 1032 980 1111 correctio.
1028 1032 1071 1104 Si
1098 1037 1226 1105 autem
1254 1031 1426 1124 obicitur,

404 1203 505 1300 quod
530 1200 720 1298 quaedam
744 1196 860 1293 hujus
886 1197 1020 1294 operis
1047 1194 1163 1290 juxta
1187 1197 1426 1293 quorundam

403 1367 712 1442 aestimationem
736 1370 891 1460 sumpta
911 1364 989 1436 sint
1011 1385 1063 1439 ex
1082 1363 1327 1458 apocryphis,
1348 1385 1427 1435 non

402 1539 464 1607 cst
487 1533 632 1606 crimen
664 1528 993 1628 praesumptionis
1019 1533 1188 1627 iniquae,
1217 1527 1288 1600 sed
1314 1547 1426 1600 error

400 1698 657 1794 ignorantiae,
683 1698 784 1792 quia,
810 1693 966 1790 quondo
987 1693 1104 1791 hujus
1128 1700 1281 1768 stamen
1306 1692 1427 1764 seriei

400 1885 608 1959 coeperam
634 1862 763 1956 ordiri,
790 1863 980 1958 ignoravi,
1013 1863 1128 1938 dubia
1153 1880 1257 1952 esse,
1282 1857 1321 1930 iu
1347 1859 1431 1953 qui-¹

400 2031 474 2102 bus
500 2027 672 2125 disposui
700 2027 895 2102 laborare.
935 2029 987 2102 At
1008 2027 1072 2104 ubi
1097 2025 1321 2119 recognovi,
1339 2045 1426 2118 pes·

400 2194 584 2268 sumdarc
611 2193 835 2287 detrectavi,
868 2195 969 2290 quia,
1007 2191 1109 2290 quod
1134 2189 1287 2263 videtur
1320 2189 1426 2264 falsi-

398 2367 472 2453 tos,
480 2358 614 2434 forsan
623 2357 850 2454 probabitur
859 2381 950 2432 esse
959 2359 1117 2433 veritas.
1141 2359 1236 2434 Cum
1251 2377 1318 2430 res
1331 2377 1423 2430 sese

397 2527 451 2601 ita
468 2531 496 2615 ¹)
520 2525 702 2619 habeant,
725 2527 865 2610 tantu)
900 2525 949 2600 ad
963 2525 1127 2622 perfecti
1153 2523 1421 2600 defensionem

398 2692 576 2789 opusculi
600 2692 881 2790 permultorum
911 2687 1112 2784 juvamine
1138 2714 1253 2790 egeo,
1278 2693 1422 2786 quanto

387 2859 436 2953 ¹'in
460 2856 545 2952 ipsa
570 2857 790 2953 inceptione
825 2857 952 2930 miuus
991 2857 1070 2931 ulia
1101 2857 1249 2954 proprii
1274 2858 1422 2954 vigoris

387 3020 586 3119 ,fulciebar
610 3021 857 3116 sufficientia,
890 3025 980 3122 quia
1015 3047 1089 3096 nco
1121 3030 1271 3099 matura
1298 3022 1422 3097 adhue

354 3291 359 3298 „
392 3193 525 3305 ,aetate
550 3186 703 3282 vigens,
728 3213 802 3264 ncc
822 3189 982 3262 scientia
1018 3188 1075 3264 fui
1105 3190 1326 3286 proficiens,
1350 3186 1421 3264 sed

395 3375 469 3425 nec
494 3352 608 3426 alicui
633 3354 865 3450 sapientium
890 3355 1072 3432 affectum
1106 3377 1218 3430 meae
1243 3353 1422 3428 intentio-

397 3516 459 3596 nis
495 3518 734 3597 consulendo
766 3525 1014 3622 praesumpsi
1029 3530 1060 3612 ³)
1102 3521 1329 3614 enucleare,
1368 3540 1420 3596 ne

391 3683 626 3782 prohiberer
651 3707 724 3782 pro
749 3686 976 3761 rusticitate.
1013 3687 1138 3780 Unde,
1159 3689 1255 3764 clam
1274 3686 1421 3760 cunctis
1500 3655 1501 3715 ἦ

394 3853 434 3920 ct
459 3849 570 3946 quasi
594 3848 726 3922 furtim
750 3873 853 3923 nuno
878 3853 917 3923 in
942 3853 1220 3950 componendis
1246 3853 1333 3926 solo
1357 3852 1422 3926 dc·

390 4005 571 4028 -ι-ι-ὅ-υιιο

393 4105 396 4110 .
437 4095 722 4268 ¹)Ji²²c⁸³⁸g's·
765 4097 971 4186 ‚mma
1016 4105 1042 4190 ὃ)
1063 4087 1320 4192 praesumpsi
1342 4108 1421 4170 fehlt

475 4221 507 4264 ur
555 4224 612 4268 .u.
658 4248 665 4268 .
1500 4220 1501 4234 ἵ
