3144 4888
576 463 816 536 -109π

206 642 258 707 25.
271 644 365 708 Urbis
389 642 438 704 oui
459 643 576 724 primus
598 639 764 724 Dionysius
786 642 852 722 ipse
876 645 985 710 beatus

275 746 430 828 Exposuit
451 763 584 818 oausam,
606 763 663 826 pro
685 761 745 824 qua
767 748 986 814 construxerat
1005 765 1099 823 aram,

276 848 318 910 Et
340 849 393 921 sio,
414 848 543 908 alternis
565 846 756 908 certantibus
777 868 852 926 ergo
875 849 1014 928 loquelis,

276 952 338 1023 Qui
359 951 418 1012 fuit
439 951 627 1024 incredulus,
650 950 722 1010 fidei
742 951 836 1012 cessit
858 951 937 1014 bene
959 952 1069 1016 vietus.

309 1055 384 1116 Post
406 1055 482 1116 haee
505 1065 668 1132 egressus,
697 1069 788 1114 eaeoo
812 1052 865 1116 dat
885 1053 1000 1118 lumino
1021 1055 1148 1131 Paulus,

209 1155 259 1219 30.
277 1157 378 1227 Quem
397 1174 566 1237 properare
588 1153 711 1234 quidem
732 1155 821 1216 eitius
843 1157 1002 1238 praesepit
1022 1158 1054 1222 iu
1076 1160 1192 1220 urbem.
1293 1185 1296 1192 ·

274 1259 367 1320 Hune
386 1260 525 1320 funotum
546 1274 677 1318 oernons
699 1258 874 1339 praedictus
894 1258 1008 1320 lumina
1029 1261 1173 1344 princeps

273 1361 315 1424 Et
337 1362 468 1423 eredens
490 1362 588 1440 signo,
610 1359 713 1421 divino
733 1361 858 1422 numine
880 1363 970 1439 teoto,

275 1465 418 1525 Festinat
439 1463 538 1526 subito
560 1463 685 1524 Damasi
706 1479 775 1524 oum
798 1466 930 1546 conjugo
953 1485 1025 1530 aare

274 1568 423 1646 Pergere,
447 1587 506 1647 quo
527 1567 658 1628 Paulum
680 1571 870 1646 eognoverat
892 1588 962 1630 esse
978 1571 1111 1647 beatum,

208 1668 259 1732 35.
275 1671 380 1751 Ipsius
402 1671 499 1735 multa
517 1669 598 1750 juris
620 1669 783 1733 eomitante
806 1675 944 1746 caterva,

273 1773 335 1843 Qui
356 1775 472 1854 pariter
494 1772 644 1853 (fuerant)
665 1787 754 1833 saoro
777 1773 960 1853 baptismate
983 1776 1080 1851 tinoti,

277 1876 409 1938 Prorsus
430 1875 534 1939 delioti
554 1875 741 1938 mundantur
762 1877 854 1937 sorde
875 1879 1005 1940 veterni.

315 1979 365 2054 Et,
388 1979 440 2058 qui
462 1979 528 2040 dux
549 1977 648 2058 plebis
669 1977 780 2052 iuerat,
804 1979 966 2044 simulacra
989 1981 1126 2058 uolentis,

275 2081 406 2144 Praesul
428 2081 576 2143 catholieo
598 2082 797 2162 praeponitur
820 2089 895 2160 ergo
917 2085 1048 2164 popello.

209 2183 259 2246 40.
273 2184 343 2260 Hie,
367 2185 491 2265 praesul
514 2186 623 2258 faetus,
645 2185 722 2246 mira
744 2184 881 2246 bonitate
903 2186 1043 2260 decorus,

276 2287 408 2349 Sedulus
430 2288 564 2350 officium
584 2289 664 2348 beno
687 2287 852 2368 eomplovit
873 2289 931 2350 sibi
948 2289 1097 2369 junotum,

273 2391 429 2452 Absentes
451 2390 585 2470 seriptis,
606 2397 787 2470 praesentes
809 2391 942 2470 denique
963 2393 1054 2455 dietis

275 2493 326 2554 Ad
347 2512 443 2556 verae
466 2492 582 2554 oultum
603 2493 676 2554 fidei
697 2493 838 2556 duoendo
859 2495 1058 2572 sequendum.
1240 2561 1243 2566 ,

274 2596 353 2658 Nam
371 2596 524 2676 quondam
540 2615 684 2676 pergens,
702 2615 807 2658 semen
818 2597 906 2658 verbi
919 2617 1039 2678 quoque
1051 2615 1213 2682 spargens,

209 2695 259 2759 45.
275 2697 407 2780 Hospes,
426 2701 491 2780 jam
511 2702 665 2778 vergonto
687 2699 746 2772 dio,
768 2699 868 2761 fertur
890 2699 1016 2781 petiisse

146 2884 149 2890 Ι
277 2799 425 2862 Sanctum
446 2804 663 2884 presbyterum
685 2799 879 2877 Cretensem,
902 2803 1024 2866 nomine
1046 2802 1194 2888 Carpum,

274 2904 336 2976 Qui
357 2904 436 2967 male
457 2905 582 2968 tristitia
603 2907 844 2968 conturbabatur
865 2925 970 2968 amara
1022 2963 1025 2970 .

272 3008 401 3071 Neonon
422 2989 493 3089 plus¹
513 3009 596 3070 lioito
618 3027 768 3070 suooensa
790 3010 904 3072 ferbuit
924 3011 979 3086 ira,

275 3111 413 3182 Quidam
434 3112 559 3190 gentilis
581 3112 653 3192 quia
675 3114 833 3193 perversis
855 3115 989 3176 suadelis

209 3211 259 3274 50.
274 3214 363 3275 Fecit
385 3215 590 3277 obsistioolam
611 3215 684 3276 fidei
706 3234 795 3278 soora
817 3237 965 3298 spernere
988 3219 1149 3298 quendam.

273 3314 365 3377 Huno
387 3321 418 3377 et
440 3319 656 3408 presbyterum
677 3320 804 3398 praesul
824 3323 923 3383 sensit
945 3323 1011 3386 foro
1033 3328 1192 3406 moestum,

273 3417 405 3481 Causam
427 3421 570 3484 tristitiae
591 3423 697 3484 verbis
719 3425 889 3502 quaerebat
910 3426 1024 3501 amieis,

275 3523 325 3598 Et,
348 3525 468 3586 tristem
489 3526 611 3588 monitis
634 3525 747 3586 blande
767 3527 929 3588 mulcendo
950 3528 1101 3606 benignis,

275 3625 432 3704 Suraserat,
455 3631 491 3690 ut
512 3629 635 3690 nimiam
657 3627 757 3688 sordis
780 3629 949 3708 deponeret
969 3629 1048 3693 iram

207 3725 258 3790 55.
273 3729 315 3790 Et
336 3750 391 3810 pro
414 3731 616 3812 dampnandis
639 3732 784 3792 exoraret
805 3730 977 3807 scelerosis,

275 3831 345 3906 Qui,
369 3833 428 3894 eito
452 3835 594 3896 eonversi
615 3829 798 3916 Christoque
821 3835 1016 3910 reoonoiliati,

190 3933 372 3947 h—-nu—u—-u--n-

213 3981 395 4034 ueremur,
418 3982 485 4024 btu.
500 3983 539 4037 Rp
561 3987 615 4024 statt
628 3983 708 4026 &assu
729 3988 806 4026 nouzon
823 3983 884 4030 αι.
899 3984 922 4030 S.
944 3985 1074 4038 sapidus.
1102 3985 1214 4039 Denaris,

267 4050 302 4090 die
317 4051 433 4094 umato
454 4053 493 4094 dea
509 4053 642 4108 Dionysius,
668 4053 738 4107 vergi.
761 4053 991 4108 Apesastflasebtrtte.
1019 4055 1056 4096 36.
1071 4051 1117 4096 nur
1131 4056 1215 4107 pariter

266 4131 344 4172 mro,
364 4120 395 4162 u.
408 4133 430 4162 u.
446 4121 472 4164 Ρ.
487 4120 531 4166 Qut
546 4123 630 4174 pariter
643 4121 766 4166 tuerent
779 4133 852 4178 uero,
867 4123 891 4166 G.
908 4137 930 4170 u.
946 4123 971 4170 S.
1003 4125 1036 4168 tt.
1052 4121 1215 4166 Wuhrrebetnt.

266 4187 375 4233 coner.
401 4187 522 4246 sesso,
540 4190 639 4236 aue.
657 4245 666 4260 1
