3122 4894
498 391 824 484 x--a4r-

186 573 291 633 tamen
320 566 402 631 hunc
431 565 593 648 nequimus
620 585 785 650 superare,
808 564 880 649 quia
900 566 1060 632 familiaris
1082 571 1132 633 est
1151 569 1214 644 ira·

186 673 300 756 gihtuti
320 672 456 734 nostras
715 721 732 750 ,

572 771 834 854 Paphnutius.
899 831 901 837 .

186 878 349 951 Quaedam
369 876 522 959 inpudens
543 874 658 938 femina
679 877 817 940 moratur
838 874 871 938 iu
892 875 951 939 hac
972 875 1081 960 patria.

546 1049 547 1052 Ἴ
595 977 811 1060 Discipuli.

187 1085 253 1148 Res
277 1083 396 1147 cirrhus
417 1081 598 1166 periculosa.

467 1211 471 1222 '
568 1195 846 1283 Paphnutius.

187 1307 276 1370 Haec
296 1305 437 1368 miranda
457 1303 613 1388 praenitet
632 1303 860 1386 pulchritudine
882 1306 916 1368 ct
935 1303 1090 1398 horrenda
1107 1306 1215 1378 sordet

186 1409 385 1494 turpitudine.
1075 1401 1077 1408 ⁴

588 1491 804 1576 Discipuli.

188 1597 383 1662 Miserabilci
406 1596 490 1670 Quid
511 1594 683 1658 vocaturl.

568 1712 833 1796 Paphnutius.

187 1803 290 1866 Thais.

596 1885 812 1969 Discipuli.

185 1975 247 2038 Illa
268 1973 442 2038 meretrix?

565 2057 833 2144 Paphnutius.

183 2145 267 2229 Ipsa.

589 2228 658 2290 Dis
669 2229 804 2312 cipuli

184 2336 262 2418 Ejus
283 2333 409 2397 hiemis
430 2331 507 2396 nulli
528 2333 577 2394 cst
597 2331 762 2412 incognita.

565 2450 832 2534 Paphnutius,

184 2559 253 2622 Nec
272 2557 391 2633 mirum,
414 2556 569 2638 quianon
591 2555 737 2635 dignatur
760 2575 829 2618 cum
849 2555 955 2637 paucis
984 2556 1024 2618 ad
1055 2553 1213 2620 interitum'

185 2663 330 2739 tendere,
359 2660 416 2722 scd
443 2661 584 2742 prompta
613 2661 661 2720 cst
690 2677 795 2720 omnes
816 2659 976 2730 lenociniis
998 2678 1074 2723 suae
1096 2660 1213 2724 formae

183 2765 301 2827 illicere
325 2781 492 2843 secumque
515 2762 555 2823 ad
576 2759 734 2823 interitum
754 2762 889 2824 trahere.

594 2881 811 2966 Discipuli.

184 2943 341 3052 Lugubre.

565 3052 831 3136 Paphnutius.
1116 3123 1118 3128 ,

187 3158 255 3222 Nec
283 3157 384 3220 solum
404 3175 543 3237 nugaces
571 3157 723 3254 uilitatem
752 3177 828 3222 suae
861 3157 1021 3221 familiaris
1049 3158 1097 3222 rei
1125 3157 1214 3222 dissi-

183 3263 260 3344 pant
281 3259 366 3322 illam
388 3259 524 3336 colendo,
546 3254 603 3320 sed
625 3260 718 3322 etiam
739 3263 958 3344 praepotentes
975 3262 1036 3325 viri
1056 3263 1212 3346 preciosas

182 3364 367 3426 varietatem
374 3361 598 3445 suppellectilis
605 3363 814 3445 pessumdant,
822 3383 883 3426 non
895 3357 1011 3450 absque
1019 3365 1068 3428 sui
1078 3366 1212 3452 dampno

154 3528 156 3533 .
186 3467 266 3528 hanc
289 3466 422 3528 ditando.

594 3549 810 3633 Discipuli.

183 3653 400 3718 Horrescimus
421 3653 537 3717 auditu

572 3756 832 3838 Paphnutius.

184 3857 307 3942 Gregcs
328 3862 500 3923 amatorum
522 3859 562 3922 ad
583 3859 668 3936 illam
689 3859 855 3922 confluunt.

595 3962 811 4044 Discipuli

183 4065 224 4130 Se
245 4065 331 4150 ipsos
353 4067 497 4150 perdunt.
