3144 4888
731 443 975 510 ...153-

738 615 956 680 lohannes

335 716 459 789 Quanto
475 719 575 799 magis
596 719 682 782 valet
703 719 822 784 intenta
844 721 989 803 precatio,
1012 739 1104 802 quam
1125 722 1258 786 humana
1278 741 1369 806 praa-

334 821 468 903 sumptio
478 826 486 883 1

722 906 977 971 Gallicanus.

333 990 461 1054 Verum.

774 1077 799 1141 P
809 1099 851 1140 au
859 1080 870 1140 l
878 1101 898 1140 u
907 1100 930 1140 s.

335 1181 435 1253 Quam
457 1181 570 1244 efficax
583 1183 631 1244 his
647 1183 747 1244 aderit
768 1201 903 1264 superna
924 1182 1089 1260 miseratio,
1112 1204 1188 1264 quos
1200 1185 1267 1248 Deo
1290 1205 1369 1248 oom-

332 1286 458 1347 mendat
479 1286 603 1347 humilis
627 1286 769 1348 devotio!

721 1386 939 1450 Gallioann
954 1409 977 1450 s.

339 1473 548 1555 Perspicuum.

748 1560 962 1622 Johannos

338 1660 403 1724 sed
435 1663 517 1743 quod
549 1665 682 1726 vovetur
714 1663 747 1726 in
768 1665 1016 1744 perturbatione,
1049 1664 1232 1727 solvendum
1262 1671 1311 1728 ost
1338 1669 1371 1730 in

335 1766 570 1846 tranquillitate.
627 1811 632 1818 ·

729 1849 982 1916 Gallioanus.

337 1953 494 2015 Assentio.
537 1953 628 2016 Unde
659 1956 839 2034 quantocius
869 1956 1020 2038 baptizari
1032 1956 1073 2038 ³⁹)
1105 1956 1205 2036 gestio
1235 1975 1271 2018 ao
1300 1958 1372 2019 reli-

336 2076 431 2137 quum
454 2057 538 2117 vitae
560 2056 593 2116 in
614 2056 674 2118 Dei
699 2059 846 2138 obsequio
868 2077 990 2120 vacare.

769 2160 931 2221 Paulus.

336 2243 470 2308 Justum.

779 2347 934 2358 *unt—-

733 2463 981 2529 Gallicanus.
1013 2453 1017 2460 ⁴

340 2569 423 2632 Eoos
454 2569 486 2630 in
515 2569 642 2630 introitu
671 2572 777 2631 nostro
805 2574 958 2650 proruunt
985 2569 1103 2634 romani
1131 2570 1298 2649 urbicolae,
1327 2572 1373 2634 in·

337 2672 439 2753 signia
462 2673 588 2734 laudum
610 2669 749 2733 ferentes
773 2691 814 2732 ex
836 2693 929 2737 more.

744 2772 963 2838 Johannss

338 2859 539 2942 Consequens
563 2862 618 2920 est.

727 2942 977 3006 Gallicanus.

342 3048 406 3111 Sed
427 3067 488 3110 neo
508 3049 649 3123 nostrae,
678 3065 737 3109 neo
767 3048 894 3110 deorum
921 3045 1092 3140 fortitudini
1113 3048 1221 3111 titulus
1243 3050 1374 3112 debetur

340 3149 496 3232 triumphi.
1045 3228 1052 3238 ·

772 3236 932 3299 Paulus.

337 3336 431 3399 Nullo
456 3335 556 3412 modo,
578 3336 635 3398 sed
656 3355 732 3400 varo
754 3337 830 3400 Deo.

729 3437 981 3502 Gallicanus.

340 3544 430 3610 Unda
452 3542 568 3626 templa
590 3543 723 3605 arbitror
743 3545 942 3606 transeunda.

750 3645 964 3708 lohannes

338 3751 439 3812 Recte
462 3747 631 3811 arbitraris.

730 3830 982 3897 Gallicanus.

339 3938 382 4001 Et
392 3937 498 4000 limina
505 3935 546 4018 ⁴⁰)
563 3934 783 4018 Apostolorum
795 3939 924 4021 supplici
936 3939 1128 4002 confessione
1141 3959 1211 4001 esse
1222 3939 1374 4002 intranda.

365 4135 607 4192 ³⁹)tntlnrl,li.
648 4134 833 4191 ⁴⁰)llmln,0.
