3144 4888
552 403 791 510 -185'-

580 615 749 680 Milites.

153 719 318 784 instemus*
340 719 554 784 construendis
579 720 668 798 ,rogis
698 722 731 781 et
759 720 917 798 trudemus
938 719 1007 784 illas
1029 717 1186 798 bacchanti·

152 825 210 886 bus
231 823 370 897 fiammis,
393 843 453 903 quo
475 823 568 884 finem
589 822 697 885 densus
720 825 874 886 conviciis.

507 950 521 993 J
596 925 746 1010 Agapa

151 1028 221 1091 Non
244 1029 306 1104 tibi,
323 1029 461 1103 Domine,
479 1049 540 1090 non
563 1029 618 1092 tibi
640 1031 717 1092 haec
738 1030 876 1111 potentia
897 1029 1029 1106 insolitu,
1048 1030 1083 1090 ut
1104 1028 1186 1108 ignis

151 1131 214 1196 vim
236 1132 360 1196 virtutis
389 1151 475 1210 suaa,
494 1131 706 1208 obliviscatur,
739 1133 795 1194 tibi
828 1131 1076 1214 obtemperando.
1110 1129 1183 1194 seu

151 1235 257 1297 taedet
279 1256 335 1296 nos
358 1255 529 1312 morarum,
551 1236 620 1298 ideo
643 1254 798 1316 rogamus,
821 1237 900 1298 solvi
926 1235 1098 1314 retinacula
1120 1233 1184 1296 aui·

151 1357 279 1414 marum,
295 1359 354 1419 quo
371 1338 516 1400 extinctis
531 1340 710 1420 corporibus
727 1341 831 1402 tecum
845 1339 995 1422 plaudent
1011 1339 1043 1400 in
1057 1338 1185 1399 aethere

154 1443 253 1504 nostri
275 1442 410 1522 spiritus.

589 1527 751 1590 Milites.

152 1631 178 1695 Ο
196 1651 318 1706 novum,
334 1651 351 1694 o
370 1631 556 1712 stupe'ndum
574 1632 770 1693 miraculum!
792 1631 884 1707 Ecce,
900 1631 1019 1691 animae
1035 1647 1184 1708 egressae

151 1737 225 1798 sunt
246 1754 383 1816 corpora,
396 1735 436 1816 ³⁰)
466 1737 497 1796 et
520 1735 605 1802 nulla
627 1733 773 1796 laesionis
795 1734 1014 1816 repperiuntur
1035 1731 1185 1811 vestigia3

151 1839 207 1898 sed
236 1858 294 1899 nec
324 1838 442 1918 capilli,
473 1857 532 1899 nec
560 1838 747 1900 vestimenta
777 1841 815 1900 ab
843 1837 917 1918 igne
940 1845 1013 1900 sunt
1033 1837 1183 1914 ambusta,

150 1961 210 2021 quo
234 1942 334 2002 minus
357 1960 494 2022 corpora.

561 2026 781 2090 Sisinnius.

149 2113 293 2175 Prolerte
315 2109 472 2174 Hirenam.
759 2119 762 2125 '

586 2197 753 2260 Milites.

149 2285 271 2347 Eccum.
287 2285 327 2366 ³¹)
613 2307 629 2336 a

589 2374 744 2386 ——v——u

561 2456 774 2518 Sisinnius.

149 2561 341 2626 Pertimesce
358 2560 487 2637 Hirena,
509 2579 618 2622 necem
638 2580 786 2636 sororum,
801 2560 833 2622 et
853 2558 1056 2641 cureperbe
1078 2579 1183 2620 exem·

150 2666 201 2747 plo
222 2666 353 2725 illarum.
368 2665 409 2745 ³²)
555 2737 558 2746 ι
587 2748 634 2810 Η.

625 2767 746 2811 irena.

150 2852 230 2935 Opto
253 2854 429 2934 exemplum
445 2853 486 2934 ³³)
520 2872 627 2913 earum
655 2852 813 2914 moriendo
843 2850 940 2934 sequi,
970 2871 1030 2932 quo
1059 2869 1182 2914 merear

148 2978 218 3020 cum
240 2958 288 3017 his
309 2957 509 3018 aeternaliter
531 2956 649 3018 laetari.

558 3059 771 3122 Sisinnius.

148 3161 241 3240 Cede,
265 3163 341 3224 cede
363 3180 450 3222 meae
474 3163 616 3224 suasioni.

580 3265 743 3326 Hirena.

145 3369 233 3432 Haut
255 3369 363 3430 cedam
387 3369 507 3430 facinus
530 3369 681 3429 suadenti.

557 3470 769 3532 Sisinnius.

147 3577 180 3640 si
202 3596 263 3638 non
293 3576 441 3652 cesseris,
471 3595 532 3636 non
563 3575 657 3637 citum
687 3573 741 3634 tibi
773 3573 937 3653 praestabo
968 3569 1094 3646 exitum,
1125 3569 1182 3631 ssd

146 3680 285 3742 differam
309 3682 341 3740 et
362 3697 444 3740 nova
466 3679 497 3739 in
519 3678 585 3738 dies
608 3668 759 3757 supplicia
779 3675 999 3757 multiplicabo.

588 3780 748 3840 Hirena.
842 3793 844 3800 ·
980 3777 982 3786 ’
1011 3775 1014 3782 ’

145 3886 270 3958 Quanto
293 3887 395 3948 aerius
417 3887 573 3966 torqueor,
596 3887 682 3945 tanto
705 3881 870 3966 gloriosius
892 3880 1062 3942 exaltabor.

171 4091 212 4145 30)
227 4102 360 4144 corpore,
381 4089 426 4143 ug.
441 4103 459 4130 s.
473 4087 532 4132 Elnl.
549 4088 633 4129 entre.
659 4088 697 4142 31)
712 4086 817 4141 Ellam,
836 4086 860 4130 C.
881 4097 905 4130 n.
924 4083 948 4130 S.
965 4081 1125 4140 omninno
1140 4092 1178 4123 ει-

224 4172 292 4216 sirm,
311 4159 335 4204 C·
351 4173 373 4206 u.
392 4158 424 4210 S,
443 4159 480 4212 33]
496 4157 639 4212 exemplo,
653 4155 677 4202 S.
