<?xml version="1.0" encoding="UTF-8"?>
<!DOCTYPE html PUBLIC "-//W3C//DTD XHTML 1.0 Transitional//EN"
    "http://www.w3.org/TR/xhtml1/DTD/xhtml1-transitional.dtd">
<html xmlns="http://www.w3.org/1999/xhtml" xml:lang="en" lang="en">
 <head>
  <title>
</title>
<meta http-equiv="Content-Type" content="text/html;charset=utf-8" />
  <meta name='ocr-system' content='tesseract 3.04.00' />
  <meta name='ocr-capabilities' content='ocr_page ocr_carea ocr_par ocr_line ocrx_word'/>
</head>
<body>
  <div class='ocr_page' id='page_1' title='image "./diewerkederhrot00hrotgoog_0379.png"; bbox 0 0 3080 4892; ppageno 0'>
   <div class='ocr_carea' id='block_1_1' title="bbox 752 511 991 578">
    <p class='ocr_par' dir='ltr' id='par_1_1' title="bbox 752 511 991 578">
     <span class='ocr_line' id='line_1_1' title="bbox 752 511 991 578; baseline -0.008 0"><span class='ocrx_word' id='word_1_1' title='bbox 752 511 991 578; x_wconf 83' lang='lat'>-310-</span> 
     </span>
    </p>
   </div>
   <div class='ocr_carea' id='block_1_2' title="bbox 359 687 1263 978">
    <p class='ocr_par' dir='ltr' id='par_1_2' title="bbox 359 687 1263 978">
     <span class='ocr_line' id='line_1_2' title="bbox 359 687 1184 770; baseline -0.011 -14"><span class='ocrx_word' id='word_1_2' title='bbox 359 687 410 755; x_wconf 82' lang='lat'>95.</span> <span class='ocrx_word' id='word_1_3' title='bbox 443 688 661 770; x_wconf 70' lang='lat' dir='ltr'>conregnante</span> <span class='ocrx_word' id='word_1_4' title='bbox 684 707 740 750; x_wconf 89' lang='lat' dir='ltr'>sua</span> <span class='ocrx_word' id='word_1_5' title='bbox 761 687 914 749; x_wconf 86' lang='lat' dir='ltr'>Mathilda</span> <span class='ocrx_word' id='word_1_6' title='bbox 937 688 1069 770; x_wconf 85' lang='lat' dir='ltr'>conjuge</span> <span class='ocrx_word' id='word_1_7' title='bbox 1092 687 1184 761; x_wconf 85' lang='lat' dir='ltr'>clara,</span> 
     </span>
     <span class='ocr_line' id='line_1_3' title="bbox 447 791 1230 872; baseline -0.006 -16"><span class='ocrx_word' id='word_1_8' title='bbox 447 791 504 856; x_wconf 84' lang='lat' dir='ltr'>Cui</span> <span class='ocrx_word' id='word_1_9' title='bbox 525 813 608 855; x_wconf 91' lang='lat' dir='ltr'>nunc</span> <span class='ocrx_word' id='word_1_10' title='bbox 629 793 661 852; x_wconf 87' lang='lat' dir='ltr'>in</span> <span class='ocrx_word' id='word_1_11' title='bbox 682 812 782 872; x_wconf 89' lang='lat' dir='ltr'>regno</span> <span class='ocrx_word' id='word_1_12' title='bbox 804 811 866 852; x_wconf 93' lang='lat' dir='ltr'>non</span> <span class='ocrx_word' id='word_1_13' title='bbox 889 791 1136 872; x_wconf 79' lang='lat' dir='ltr'>compensabitur</span> <span class='ocrx_word' id='word_1_14' title='bbox 1157 792 1230 865; x_wconf 91' lang='lat' dir='ltr'>ulla,</span> 
     </span>
     <span class='ocr_line' id='line_1_4' title="bbox 444 895 1263 978; baseline -0.002 -20"><span class='ocrx_word' id='word_1_15' title='bbox 444 897 533 969; x_wconf 82' lang='lat' dir='ltr'>Quae</span> <span class='ocrx_word' id='word_1_16' title='bbox 555 899 662 978; x_wconf 90' lang='lat' dir='ltr'>posset</span> <span class='ocrx_word' id='word_1_17' title='bbox 682 895 801 956; x_wconf 90' lang='lat' dir='ltr'>meritis</span> <span class='ocrx_word' id='word_1_18' title='bbox 822 895 907 956; x_wconf 91' lang='lat' dir='ltr'>illam</span> <span class='ocrx_word' id='word_1_19' title='bbox 929 913 1078 978; x_wconf 90' lang='lat' dir='ltr'>superare</span> <span class='ocrx_word' id='word_1_20' title='bbox 1101 895 1263 976; x_wconf 83' lang='lat' dir='ltr'><strong>supremis.</strong></span> 
     </span>
    </p>
   </div>
   <div class='ocr_carea' id='block_1_3' title="bbox 442 1066 1312 1252">
    <p class='ocr_par' dir='ltr' id='par_1_3' title="bbox 442 1066 1312 1252">
     <span class='ocr_line' id='line_1_5' title="bbox 442 1066 1312 1149; baseline -0.001 -19"><span class='ocrx_word' id='word_1_21' title='bbox 442 1069 538 1131; x_wconf 81' lang='lat' dir='ltr'>Trina</span> <span class='ocrx_word' id='word_1_22' title='bbox 559 1067 669 1149; x_wconf 78' lang='grc'><strong>1111111</strong></span> <span class='ocrx_word' id='word_1_23' title='bbox 691 1067 798 1128; x_wconf 85' lang='lat' dir='ltr'>Deitas</span> <span class='ocrx_word' id='word_1_24' title='bbox 821 1066 950 1128; x_wconf 85' lang='lat' dir='ltr'>dederat</span> <span class='ocrx_word' id='word_1_25' title='bbox 971 1070 1036 1129; x_wconf 90' lang='lat' dir='ltr'>tres</span> <span class='ocrx_word' id='word_1_26' title='bbox 1059 1067 1191 1147; x_wconf 90' lang='lat' dir='ltr'>denique</span> <span class='ocrx_word' id='word_1_27' title='bbox 1214 1068 1312 1144; x_wconf 88' lang='lat' dir='ltr'>natos,</span> 
     </span>
     <span class='ocr_line' id='line_1_6' title="bbox 444 1170 1130 1252; baseline -0.006 -18"><span class='ocrx_word' id='word_1_28' title='bbox 444 1171 515 1235; x_wconf 83' lang='lat' dir='ltr'>Jam</span> <span class='ocrx_word' id='word_1_29' title='bbox 536 1174 620 1245; x_wconf 87' lang='lat' dir='ltr'>tuno,</span> <span class='ocrx_word' id='word_1_30' title='bbox 644 1170 727 1232; x_wconf 84' lang='lat' dir='ltr'>felici</span> <span class='ocrx_word' id='word_1_31' title='bbox 750 1171 938 1252; x_wconf 88' lang='lat' dir='ltr'>disponendo</span> <span class='ocrx_word' id='word_1_32' title='bbox 960 1171 1012 1252; x_wconf 90' lang='lat' dir='ltr'>pie</span> <span class='ocrx_word' id='word_1_33' title='bbox 1035 1170 1130 1250; x_wconf 88' lang='lat' dir='ltr'>genti,</span> 
     </span>
    </p>
   </div>
   <div class='ocr_carea' id='block_1_4' title="bbox 240 1273 1205 1356">
    <p class='ocr_par' dir='ltr' id='par_1_4' title="bbox 240 1273 1205 1356">
     <span class='ocr_line' id='line_1_7' title="bbox 240 1273 1205 1356; baseline -0.007 -16"><span class='ocrx_word' id='word_1_34' title='bbox 240 1343 244 1352; x_wconf 64' lang='grc'>,</span> <span class='ocrx_word' id='word_1_35' title='bbox 359 1273 430 1340; x_wconf 89' lang='grc'><strong>100.</strong></span> <span class='ocrx_word' id='word_1_36' title='bbox 445 1275 493 1338; x_wconf 79' lang='lat' dir='ltr'>Ne</span> <span class='ocrx_word' id='word_1_37' title='bbox 515 1278 586 1356; x_wconf 91' lang='lat' dir='ltr'>post</span> <span class='ocrx_word' id='word_1_38' title='bbox 605 1273 735 1335; x_wconf 89' lang='lat' dir='ltr'>Henrici</span> <span class='ocrx_word' id='word_1_39' title='bbox 755 1279 894 1350; x_wconf 88' lang='lat' dir='ltr'>mortem,</span> <span class='ocrx_word' id='word_1_40' title='bbox 916 1274 1001 1352; x_wconf 86' lang='lat' dir='ltr'>regis</span> <span class='ocrx_word' id='word_1_41' title='bbox 1024 1274 1205 1349; x_wconf 85' lang='lat' dir='ltr'>venerandi,</span> 
     </span>
    </p>
   </div>
   <div class='ocr_carea' id='block_1_5' title="bbox 358 1376 1367 1871">
    <p class='ocr_par' dir='ltr' id='par_1_5' title="bbox 441 1376 1219 1460">
     <span class='ocr_line' id='line_1_8' title="bbox 441 1376 1219 1460; baseline -0.001 -22"><span class='ocrx_word' id='word_1_42' title='bbox 441 1377 611 1460; x_wconf 86' lang='lat' dir='ltr'>Imperium</span> <span class='ocrx_word' id='word_1_43' title='bbox 632 1376 724 1455; x_wconf 85' lang='lat' dir='ltr'>regni</span> <span class='ocrx_word' id='word_1_44' title='bbox 745 1378 826 1437; x_wconf 90' lang='lat' dir='ltr'>male</span> <span class='ocrx_word' id='word_1_45' title='bbox 848 1377 1042 1458; x_wconf 79' lang='lat' dir='ltr'>surriperent</span> <span class='ocrx_word' id='word_1_46' title='bbox 1063 1378 1219 1454; x_wconf 84' lang='lat' dir='ltr'>scelerosi,</span> 
     </span>
    </p>

    <p class='ocr_par' dir='ltr' id='par_1_6' title="bbox 441 1477 1138 1561">
     <span class='ocr_line' id='line_1_9' title="bbox 441 1477 1138 1561; baseline -0.003 -19"><span class='ocrx_word' id='word_1_47' title='bbox 441 1477 485 1542; x_wconf 87' lang='lat' dir='ltr'>Hi</span> <span class='ocrx_word' id='word_1_48' title='bbox 506 1481 562 1540; x_wconf 89' lang='lat' dir='ltr'>sed</span> <span class='ocrx_word' id='word_1_49' title='bbox 583 1480 700 1560; x_wconf 89' lang='lat' dir='ltr'>regalis</span> <span class='ocrx_word' id='word_1_50' title='bbox 722 1479 787 1541; x_wconf 93' lang='lat' dir='ltr'>nati</span> <span class='ocrx_word' id='word_1_51' title='bbox 810 1479 848 1540; x_wconf 92' lang='lat' dir='ltr'>de</span> <span class='ocrx_word' id='word_1_52' title='bbox 871 1480 1010 1558; x_wconf 87' lang='lat' dir='ltr'>germine</span> <span class='ocrx_word' id='word_1_53' title='bbox 1033 1480 1138 1561; x_wconf 82' lang='lat' dir='ltr'>stirpis</span> 
     </span>
    </p>

    <p class='ocr_par' dir='ltr' id='par_1_7' title="bbox 442 1569 1367 1669">
     <span class='ocr_line' id='line_1_10' title="bbox 442 1569 1367 1669; baseline -0.002 -24"><span class='ocrx_word' id='word_1_54' title='bbox 442 1583 613 1669; x_wconf 78' lang='lat' dir='ltr'>Rexissent</span> <span class='ocrx_word' id='word_1_55' title='bbox 633 1602 767 1664; x_wconf 89' lang='lat' dir='ltr'>regnum</span> <span class='ocrx_word' id='word_1_56' title='bbox 789 1583 1031 1664; x_wconf 63' lang='lat' dir='ltr'>concordipace</span> <span class='ocrx_word' id='word_1_57' title='bbox 1053 1591 1232 1668; x_wconf 78' lang='lat' dir='ltr'>paternum3</span> <span class='ocrx_word' id='word_1_58' title='bbox 1363 1569 1367 1576; x_wconf 66' lang='grc'><strong>’</strong></span> 
     </span>
    </p>

    <p class='ocr_par' dir='ltr' id='par_1_8' title="bbox 358 1686 1236 1871">
     <span class='ocr_line' id='line_1_11' title="bbox 444 1686 1236 1763; baseline -0.001 -15"><span class='ocrx_word' id='word_1_59' title='bbox 444 1686 593 1758; x_wconf 83' lang='lat' dir='ltr'>Quamvis</span> <span class='ocrx_word' id='word_1_60' title='bbox 617 1687 779 1748; x_wconf 86' lang='lat' dir='ltr'>dissimiles</span> <span class='ocrx_word' id='word_1_61' title='bbox 801 1687 849 1747; x_wconf 90' lang='lat' dir='ltr'>his</span> <span class='ocrx_word' id='word_1_62' title='bbox 872 1689 1074 1747; x_wconf 85' lang='lat' dir='ltr'>servarentur</span> <span class='ocrx_word' id='word_1_63' title='bbox 1096 1687 1236 1763; x_wconf 89' lang='lat' dir='ltr'>honores,</span> 
     </span>
     <span class='ocr_line' id='line_1_12' title="bbox 358 1787 1085 1871; baseline -0.008 -15"><span class='ocrx_word' id='word_1_64' title='bbox 358 1787 526 1856; x_wconf 75' lang='lat' dir='ltr'>loannis</span> <span class='ocrx_word' id='word_1_65' title='bbox 548 1791 694 1870; x_wconf 78' lang='lat' dir='ltr'>regnanti</span> <span class='ocrx_word' id='word_1_66' title='bbox 715 1790 862 1871; x_wconf 89' lang='lat' dir='ltr'>subjectis</span> <span class='ocrx_word' id='word_1_67' title='bbox 885 1789 1003 1852; x_wconf 87' lang='lat' dir='ltr'>seilicet</span> <span class='ocrx_word' id='word_1_68' title='bbox 1023 1789 1085 1850; x_wconf 84' lang='lat' dir='ltr'>uni.</span> 
     </span>
    </p>
   </div>
   <div class='ocr_carea' id='block_1_6' title="bbox 441 1961 1241 2250">
    <p class='ocr_par' dir='ltr' id='par_1_9' title="bbox 441 1961 1241 2250">
     <span class='ocr_line' id='line_1_13' title="bbox 441 1961 1198 2044; baseline 0.001 -21"><span class='ocrx_word' id='word_1_69' title='bbox 441 1961 530 2024; x_wconf 87' lang='lat' dir='ltr'>Inter</span> <span class='ocrx_word' id='word_1_70' title='bbox 553 1981 629 2044; x_wconf 91' lang='lat' dir='ltr'>quos</span> <span class='ocrx_word' id='word_1_71' title='bbox 651 1962 768 2044; x_wconf 88' lang='lat' dir='ltr'>primus</span> <span class='ocrx_word' id='word_1_72' title='bbox 791 1961 877 2023; x_wconf 81' lang='lat' dir='ltr'>fulsit</span> <span class='ocrx_word' id='word_1_73' title='bbox 899 1981 957 2023; x_wconf 90' lang='lat' dir='ltr'>eeu</span> <span class='ocrx_word' id='word_1_74' title='bbox 979 1961 1090 2022; x_wconf 82' lang='lat' dir='ltr'>lucifer</span> <span class='ocrx_word' id='word_1_75' title='bbox 1113 1964 1198 2024; x_wconf 87' lang='lat' dir='ltr'>ortus</span> 
     </span>
     <span class='ocr_line' id='line_1_14' title="bbox 443 2064 1241 2142; baseline 0 -16"><span class='ocrx_word' id='word_1_76' title='bbox 443 2064 540 2138; x_wconf 92' lang='lat' dir='ltr'>Oddo,</span> <span class='ocrx_word' id='word_1_77' title='bbox 562 2065 679 2126; x_wconf 89' lang='lat' dir='ltr'>micans</span> <span class='ocrx_word' id='word_1_78' title='bbox 700 2065 795 2126; x_wconf 87' lang='lat' dir='ltr'>radiis</span> <span class='ocrx_word' id='word_1_79' title='bbox 816 2065 943 2126; x_wconf 91' lang='lat' dir='ltr'>nimium</span> <span class='ocrx_word' id='word_1_80' title='bbox 964 2065 1068 2128; x_wconf 88' lang='lat' dir='ltr'>clarae</span> <span class='ocrx_word' id='word_1_81' title='bbox 1088 2065 1241 2142; x_wconf 90' lang='lat' dir='ltr'>bonitatis,</span> 
     </span>
     <span class='ocr_line' id='line_1_15' title="bbox 444 2165 1194 2250; baseline 0 -20"><span class='ocrx_word' id='word_1_82' title='bbox 444 2165 553 2230; x_wconf 82' lang='lat' dir='ltr'>Gratia</span> <span class='ocrx_word' id='word_1_83' title='bbox 575 2187 667 2248; x_wconf 89' lang='lat' dir='ltr'>quem</span> <span class='ocrx_word' id='word_1_84' title='bbox 687 2168 773 2248; x_wconf 89' lang='lat' dir='ltr'>regis</span> <span class='ocrx_word' id='word_1_85' title='bbox 796 2168 886 2230; x_wconf 88' lang='lat' dir='ltr'>solita</span> <span class='ocrx_word' id='word_1_86' title='bbox 907 2169 1024 2249; x_wconf 89' lang='lat' dir='ltr'>pietate</span> <span class='ocrx_word' id='word_1_87' title='bbox 1046 2168 1194 2250; x_wconf 89' lang='lat' dir='ltr'>perennis</span> 
     </span>
    </p>
   </div>
   <div class='ocr_carea' id='block_1_7' title="bbox 359 2269 1285 2457">
    <p class='ocr_par' dir='ltr' id='par_1_10' title="bbox 359 2269 1285 2457">
     <span class='ocr_line' id='line_1_16' title="bbox 444 2269 1085 2353; baseline -0.003 -19"><span class='ocrx_word' id='word_1_88' title='bbox 444 2269 612 2334; x_wconf 83' lang='lat' dir='ltr'>Rectorem</span> <span class='ocrx_word' id='word_1_89' title='bbox 632 2271 716 2353; x_wconf 91' lang='lat' dir='ltr'>plebi</span> <span class='ocrx_word' id='word_1_90' title='bbox 738 2273 892 2353; x_wconf 86' lang='lat' dir='ltr'>praevidit</span> <span class='ocrx_word' id='word_1_91' title='bbox 913 2273 971 2334; x_wconf 90' lang='lat' dir='ltr'>rite</span> <span class='ocrx_word' id='word_1_92' title='bbox 994 2272 1085 2333; x_wconf 87' lang='lat' dir='ltr'>fideli.</span> 
     </span>
     <span class='ocr_line' id='line_1_17' title="bbox 359 2369 1285 2457; baseline -0.004 -17"><span class='ocrx_word' id='word_1_93' title='bbox 359 2369 429 2442; x_wconf 88' lang='grc'><strong>110.</strong></span> <span class='ocrx_word' id='word_1_94' title='bbox 443 2373 504 2436; x_wconf 88' lang='lat' dir='ltr'>Hic</span> <span class='ocrx_word' id='word_1_95' title='bbox 526 2377 629 2437; x_wconf 83' lang='lat' dir='ltr'>aetate</span> <span class='ocrx_word' id='word_1_96' title='bbox 650 2375 736 2457; x_wconf 87' lang='lat' dir='ltr'>prior</span> <span class='ocrx_word' id='word_1_97' title='bbox 756 2377 868 2452; x_wconf 84' lang='lat' dir='ltr'>fuerat,</span> <span class='ocrx_word' id='word_1_98' title='bbox 890 2376 1008 2449; x_wconf 81' lang='lat' dir='ltr'>meritis</span> <span class='ocrx_word' id='word_1_99' title='bbox 1031 2395 1152 2457; x_wconf 90' lang='lat' dir='ltr'>quoque</span> <span class='ocrx_word' id='word_1_100' title='bbox 1178 2377 1285 2457; x_wconf 87' lang='lat' dir='ltr'>major,</span> 
     </span>
    </p>
   </div>
   <div class='ocr_carea' id='block_1_8' title="bbox 321 2476 1344 4003">
    <p class='ocr_par' dir='ltr' id='par_1_11' title="bbox 321 2476 1344 4003">
     <span class='ocr_line' id='line_1_18' title="bbox 442 2476 1275 2561; baseline 0 -21"><span class='ocrx_word' id='word_1_101' title='bbox 442 2476 610 2558; x_wconf 84' lang='lat' dir='ltr'>Ocngruus</span> <span class='ocrx_word' id='word_1_102' title='bbox 632 2486 664 2541; x_wconf 88' lang='lat' dir='ltr'>et</span> <span class='ocrx_word' id='word_1_103' title='bbox 686 2480 817 2561; x_wconf 85' lang='lat' dir='ltr'>sceptris</span> <span class='ocrx_word' id='word_1_104' title='bbox 840 2480 985 2542; x_wconf 86' lang='lat' dir='ltr'>defuncto</span> <span class='ocrx_word' id='word_1_105' title='bbox 1008 2482 1096 2560; x_wconf 90' lang='lat' dir='ltr'>patre</span> <span class='ocrx_word' id='word_1_106' title='bbox 1119 2479 1275 2559; x_wconf 88' lang='lat' dir='ltr'>gerendis.</span> 
     </span>
     <span class='ocr_line' id='line_1_19' title="bbox 442 2581 1263 2664; baseline 0 -22"><span class='ocrx_word' id='word_1_107' title='bbox 442 2581 512 2644; x_wconf 85' lang='lat' dir='ltr'>Non</span> <span class='ocrx_word' id='word_1_108' title='bbox 535 2602 613 2664; x_wconf 90' lang='lat' dir='ltr'>opus</span> <span class='ocrx_word' id='word_1_109' title='bbox 636 2586 692 2657; x_wconf 88' lang='lat' dir='ltr'>est,</span> <span class='ocrx_word' id='word_1_110' title='bbox 714 2583 819 2644; x_wconf 85' lang='lat' dir='ltr'>verbis</span> <span class='ocrx_word' id='word_1_111' title='bbox 842 2583 908 2663; x_wconf 85' lang='lat' dir='ltr'>ejus</span> <span class='ocrx_word' id='word_1_112' title='bbox 931 2601 1079 2644; x_wconf 89' lang='lat' dir='ltr'>summam</span> <span class='ocrx_word' id='word_1_113' title='bbox 1100 2582 1263 2663; x_wconf 90' lang='lat' dir='ltr'>probitatis</span> 
     </span>
     <span class='ocr_line' id='line_1_20' title="bbox 440 2684 1196 2767; baseline 0.001 -22"><span class='ocrx_word' id='word_1_114' title='bbox 440 2684 562 2759; x_wconf 88' lang='lat' dir='ltr'>Dicere,</span> <span class='ocrx_word' id='word_1_115' title='bbox 584 2686 637 2746; x_wconf 85' lang='lat' dir='ltr'>vel</span> <span class='ocrx_word' id='word_1_116' title='bbox 657 2685 747 2767; x_wconf 89' lang='lat' dir='ltr'>pueri</span> <span class='ocrx_word' id='word_1_117' title='bbox 768 2686 912 2746; x_wconf 88' lang='lat' dir='ltr'>meritum</span> <span class='ocrx_word' id='word_1_118' title='bbox 933 2685 1087 2747; x_wconf 91' lang='lat' dir='ltr'>laudabile</span> <span class='ocrx_word' id='word_1_119' title='bbox 1110 2686 1196 2760; x_wconf 88' lang='lat' dir='ltr'>tanti,</span> 
     </span>
     <span class='ocr_line' id='line_1_21' title="bbox 443 2785 1305 2870; baseline 0 -20"><span class='ocrx_word' id='word_1_120' title='bbox 443 2785 500 2850; x_wconf 86' lang='grc'>011</span> <span class='ocrx_word' id='word_1_121' title='bbox 522 2785 663 2850; x_wconf 82' lang='lat' dir='ltr'>Christus</span> <span class='ocrx_word' id='word_1_122' title='bbox 686 2789 779 2850; x_wconf 89' lang='lat' dir='ltr'>talem</span> <span class='ocrx_word' id='word_1_123' title='bbox 797 2790 862 2870; x_wconf 89' lang='lat' dir='ltr'>jam</span> <span class='ocrx_word' id='word_1_124' title='bbox 883 2809 965 2850; x_wconf 90' lang='lat' dir='ltr'>nunc</span> <span class='ocrx_word' id='word_1_125' title='bbox 988 2790 1127 2869; x_wconf 89' lang='lat' dir='ltr'>augessit</span> <span class='ocrx_word' id='word_1_126' title='bbox 1147 2791 1305 2866; x_wconf 90' lang='lat' dir='ltr'>honorem,</span> 
     </span>
     <span class='ocr_line' id='line_1_22' title="bbox 357 2887 1232 2974; baseline -0.001 -21"><span class='ocrx_word' id='word_1_127' title='bbox 357 2887 428 2954; x_wconf 83' lang='lat'>115.</span> <span class='ocrx_word' id='word_1_128' title='bbox 442 2890 586 2954; x_wconf 84' lang='lat' dir='ltr'>Possidet</span> <span class='ocrx_word' id='word_1_129' title='bbox 606 2893 642 2954; x_wconf 93' lang='lat' dir='ltr'>ut</span> <span class='ocrx_word' id='word_1_130' title='bbox 662 2891 793 2954; x_wconf 91' lang='lat' dir='ltr'>Romam</span> <span class='ocrx_word' id='word_1_131' title='bbox 813 2892 942 2973; x_wconf 90' lang='lat' dir='ltr'>pollenti</span> <span class='ocrx_word' id='word_1_132' title='bbox 964 2893 1035 2974; x_wconf 91' lang='lat' dir='ltr'>jure</span> <span class='ocrx_word' id='word_1_133' title='bbox 1058 2893 1232 2974; x_wconf 86' lang='lat' dir='ltr'>superbam,</span> 
     </span>
     <span class='ocr_line' id='line_1_23' title="bbox 441 2993 1344 3077; baseline 0.002 -23"><span class='ocrx_word' id='word_1_134' title='bbox 441 2993 530 3065; x_wconf 83' lang='lat' dir='ltr'>Quae</span> <span class='ocrx_word' id='word_1_135' title='bbox 552 3014 674 3076; x_wconf 90' lang='lat' dir='ltr'>semper</span> <span class='ocrx_word' id='word_1_136' title='bbox 696 2995 814 3056; x_wconf 89' lang='lat' dir='ltr'>stabilis</span> <span class='ocrx_word' id='word_1_137' title='bbox 837 3014 988 3055; x_wconf 90' lang='lat' dir='ltr'>summum</span> <span class='ocrx_word' id='word_1_138' title='bbox 1010 2994 1113 3056; x_wconf 86' lang='lat' dir='ltr'>fuerat</span> <span class='ocrx_word' id='word_1_139' title='bbox 1136 2999 1228 3077; x_wconf 89' lang='lat' dir='ltr'>caput</span> <span class='ocrx_word' id='word_1_140' title='bbox 1250 2995 1344 3071; x_wconf 87' lang='lat' dir='ltr'>orbis,</span> 
     </span>
     <span class='ocr_line' id='line_1_24' title="bbox 439 3095 1223 3176; baseline 0.003 -19"><span class='ocrx_word' id='word_1_141' title='bbox 439 3095 572 3158; x_wconf 82' lang='lat' dir='ltr'>Edousat</span> <span class='ocrx_word' id='word_1_142' title='bbox 594 3100 626 3157; x_wconf 91' lang='lat' dir='ltr'>et</span> <span class='ocrx_word' id='word_1_143' title='bbox 647 3100 768 3176; x_wconf 72' lang='lat' dir='ltr'>gentes,</span> <span class='ocrx_word' id='word_1_144' title='bbox 791 3095 912 3158; x_wconf 81' lang='lat' dir='ltr'>Christo</span> <span class='ocrx_word' id='word_1_145' title='bbox 935 3096 1071 3174; x_wconf 86' lang='lat' dir='ltr'>favente,</span> <span class='ocrx_word' id='word_1_146' title='bbox 1093 3100 1223 3175; x_wconf 86' lang='lat' dir='ltr'>feroces,</span> 
     </span>
     <span class='ocr_line' id='line_1_25' title="bbox 443 3196 1305 3283; baseline 0.007 -26"><span class='ocrx_word' id='word_1_147' title='bbox 443 3196 533 3268; x_wconf 83' lang='lat' dir='ltr'>Quae</span> <span class='ocrx_word' id='word_1_148' title='bbox 554 3197 827 3278; x_wconf 79' lang='lat' dir='ltr'>prius&#39;ecolesiam</span> <span class='ocrx_word' id='word_1_149' title='bbox 849 3200 1007 3263; x_wconf 89' lang='lat' dir='ltr'>laniabant</span> <span class='ocrx_word' id='word_1_150' title='bbox 1029 3220 1122 3283; x_wconf 89' lang='lat' dir='ltr'>saepe</span> <span class='ocrx_word' id='word_1_151' title='bbox 1145 3205 1305 3264; x_wconf 86' lang='lat' dir='ltr'>sacratam.</span> 
     </span>
     <span class='ocr_line' id='line_1_26' title="bbox 439 3300 1191 3380; baseline 0.003 -16"><span class='ocrx_word' id='word_1_152' title='bbox 439 3300 515 3364; x_wconf 89' lang='lat' dir='ltr'>Post</span> <span class='ocrx_word' id='word_1_153' title='bbox 536 3301 619 3364; x_wconf 91' lang='lat' dir='ltr'>huno</span> <span class='ocrx_word' id='word_1_154' title='bbox 639 3300 795 3365; x_wconf 85' lang='lat' dir='ltr'>Henricus</span> <span class='ocrx_word' id='word_1_155' title='bbox 817 3304 921 3366; x_wconf 85' lang='lat' dir='ltr'>fuerat</span> <span class='ocrx_word' id='word_1_156' title='bbox 942 3304 1075 3366; x_wconf 85' lang='lat' dir='ltr'>feliciter</span> <span class='ocrx_word' id='word_1_157' title='bbox 1097 3307 1191 3380; x_wconf 88' lang='lat' dir='ltr'>ortus,</span> 
     </span>
     <span class='ocr_line' id='line_1_27' title="bbox 354 3400 1318 3488; baseline -0.001 -16"><span class='ocrx_word' id='word_1_158' title='bbox 354 3400 424 3472; x_wconf 81' lang='lat'>120.</span> <span class='ocrx_word' id='word_1_159' title='bbox 441 3405 643 3488; x_wconf 87' lang='lat' dir='ltr'>Inposithue</span> <span class='ocrx_word' id='word_1_160' title='bbox 664 3406 762 3488; x_wconf 89' lang='lat' dir='ltr'>patris</span> <span class='ocrx_word' id='word_1_161' title='bbox 782 3407 920 3469; x_wconf 75' lang='lat' dir='ltr'>famosus</span> <span class='ocrx_word' id='word_1_162' title='bbox 942 3409 1064 3472; x_wconf 89' lang='lat' dir='ltr'>nomine</span> <span class='ocrx_word' id='word_1_163' title='bbox 1090 3407 1184 3487; x_wconf 89' lang='lat' dir='ltr'>regis,</span> <span class='ocrx_word' id='word_1_164' title='bbox 1312 3411 1318 3421; x_wconf 88' lang='lat'>&#39;</span> 
     </span>
     <span class='ocr_line' id='line_1_28' title="bbox 321 3508 1280 3592; baseline 0.002 -21"><span class='ocrx_word' id='word_1_165' title='bbox 321 3545 323 3552; x_wconf 24' lang='lat' dir='ltr'>a</span> <span class='ocrx_word' id='word_1_166' title='bbox 440 3508 576 3572; x_wconf 86' lang='lat' dir='ltr'>Provida</span> <span class='ocrx_word' id='word_1_167' title='bbox 598 3529 690 3591; x_wconf 87' lang='lat' dir='ltr'>quem</span> <span class='ocrx_word' id='word_1_168' title='bbox 711 3509 833 3573; x_wconf 89' lang='lat' dir='ltr'>Domini</span> <span class='ocrx_word' id='word_1_169' title='bbox 854 3511 972 3592; x_wconf 90' lang='lat' dir='ltr'>pariter</span> <span class='ocrx_word' id='word_1_170' title='bbox 994 3511 1144 3592; x_wconf 89' lang='lat' dir='ltr'>sapientie</span> <span class='ocrx_word' id='word_1_171' title='bbox 1167 3510 1280 3573; x_wconf 84' lang='lat' dir='ltr'>Christi</span> 
     </span>
     <span class='ocr_line' id='line_1_29' title="bbox 441 3611 1258 3695; baseline 0 -21"><span class='ocrx_word' id='word_1_172' title='bbox 441 3611 597 3693; x_wconf 85' lang='lat' dir='ltr'>Dignatur</span> <span class='ocrx_word' id='word_1_173' title='bbox 619 3632 747 3674; x_wconf 86' lang='lat' dir='ltr'>serrare</span> <span class='ocrx_word' id='word_1_174' title='bbox 769 3613 880 3674; x_wconf 89' lang='lat' dir='ltr'>ducem</span> <span class='ocrx_word' id='word_1_175' title='bbox 900 3614 1014 3695; x_wconf 88' lang='lat' dir='ltr'>populo</span> <span class='ocrx_word' id='word_1_176' title='bbox 1036 3616 1115 3676; x_wconf 88' lang='lat' dir='ltr'>bene</span> <span class='ocrx_word' id='word_1_177' title='bbox 1137 3614 1258 3690; x_wconf 89' lang='lat' dir='ltr'>fortem,</span> 
     </span>
     <span class='ocr_line' id='line_1_30' title="bbox 437 3714 1173 3795; baseline 0.004 -20"><span class='ocrx_word' id='word_1_178' title='bbox 437 3714 579 3795; x_wconf 88' lang='lat' dir='ltr'>Belliger</span> <span class='ocrx_word' id='word_1_179' title='bbox 601 3718 636 3776; x_wconf 92' lang='lat' dir='ltr'>ut</span> <span class='ocrx_word' id='word_1_180' title='bbox 657 3716 756 3791; x_wconf 85' lang='lat' dir='ltr'>fortis,</span> <span class='ocrx_word' id='word_1_181' title='bbox 778 3716 851 3778; x_wconf 87' lang='lat' dir='ltr'>belli</span> <span class='ocrx_word' id='word_1_182' title='bbox 873 3717 1066 3778; x_wconf 86' lang='lat' dir='ltr'>doctissimus</span> <span class='ocrx_word' id='word_1_183' title='bbox 1089 3717 1173 3791; x_wconf 88' lang='lat' dir='ltr'>artis,</span> 
     </span>
     <span class='ocr_line' id='line_1_31' title="bbox 436 3817 1228 3900; baseline 0 -20"><span class='ocrx_word' id='word_1_184' title='bbox 436 3817 573 3882; x_wconf 79' lang='lat' dir='ltr'>Fortiter</span> <span class='ocrx_word' id='word_1_185' title='bbox 596 3818 758 3879; x_wconf 88' lang='lat' dir='ltr'>ecclesiam</span> <span class='ocrx_word' id='word_1_186' title='bbox 779 3819 989 3900; x_wconf 88' lang='lat' dir='ltr'>praemuniret</span> <span class='ocrx_word' id='word_1_187' title='bbox 1009 3821 1228 3895; x_wconf 86' lang='lat' dir='ltr'>venerandam,</span> 
     </span>
     <span class='ocr_line' id='line_1_32' title="bbox 352 3918 1245 4003; baseline 0 -19"><span class='ocrx_word' id='word_1_188' title='bbox 352 3918 422 3984; x_wconf 78' lang='lat'>125.</span> <span class='ocrx_word' id='word_1_189' title='bbox 437 3919 506 3984; x_wconf 87' lang='grc'>011</span> <span class='ocrx_word' id='word_1_190' title='bbox 526 3940 633 3983; x_wconf 90' lang='lat' dir='ltr'>murus</span> <span class='ocrx_word' id='word_1_191' title='bbox 651 3921 763 4003; x_wconf 86' lang='lat' dir='ltr'>jaculis</span> <span class='ocrx_word' id='word_1_192' title='bbox 786 3923 912 3984; x_wconf 89' lang='lat' dir='ltr'>obstans</span> <span class='ocrx_word' id='word_1_193' title='bbox 934 3923 1119 3986; x_wconf 82' lang='lat' dir='ltr'>fortissimus</span> <span class='ocrx_word' id='word_1_194' title='bbox 1139 3923 1245 3986; x_wconf 88' lang='lat' dir='ltr'>hostis.</span> 
     </span>
    </p>
   </div>
   <div class='ocr_carea' id='block_1_9' title="bbox 349 4044 504 4055">
    <p class='ocr_par' dir='ltr' id='par_1_12' title="bbox 349 4044 504 4055">
     <span class='ocr_line' id='line_1_33' title="bbox 349 4044 504 4055; baseline -0.019 0"><span class='ocrx_word' id='word_1_195' title='bbox 349 4044 504 4055; x_wconf 74' lang='lat'>-—--—-</span> 
     </span>
    </p>
   </div>
   <div class='ocr_carea' id='block_1_10' title="bbox 379 4089 1380 4145">
    <p class='ocr_par' dir='ltr' id='par_1_13' title="bbox 379 4089 1380 4145">
     <span class='ocr_line' id='line_1_34' title="bbox 379 4089 1380 4145; baseline -0.001 -12"><span class='ocrx_word' id='word_1_196' title='bbox 379 4089 549 4143; x_wconf 55' lang='grc'><strong>1011111111.</strong></span> <span class='ocrx_word' id='word_1_197' title='bbox 579 4090 622 4133; x_wconf 77' lang='grc'><strong>106.</strong></span> <span class='ocrx_word' id='word_1_198' title='bbox 640 4089 752 4134; x_wconf 76' lang='grc'><strong>11110111.</strong></span> <span class='ocrx_word' id='word_1_199' title='bbox 773 4090 811 4130; x_wconf 81' lang='lat' dir='ltr'>hat</span> <span class='ocrx_word' id='word_1_200' title='bbox 832 4091 896 4131; x_wconf 81' lang='lat' dir='ltr'>einen</span> <span class='ocrx_word' id='word_1_201' title='bbox 914 4092 1005 4136; x_wconf 67' lang='lat' dir='ltr'>Abanta.</span> <span class='ocrx_word' id='word_1_202' title='bbox 1040 4091 1084 4134; x_wconf 78' lang='lat' dir='ltr'>ur.</span> <span class='ocrx_word' id='word_1_203' title='bbox 1099 4092 1245 4145; x_wconf 75' lang='lat' dir='ltr'>augescit,</span> <span class='ocrx_word' id='word_1_204' title='bbox 1260 4090 1293 4143; x_wconf 75' lang='grc'>0.,</span> <span class='ocrx_word' id='word_1_205' title='bbox 1307 4089 1339 4142; x_wconf 80' lang='grc'>8.,</span> <span class='ocrx_word' id='word_1_206' title='bbox 1354 4091 1380 4144; x_wconf 79' lang='lat' dir='ltr'>R.</span> 
     </span>
    </p>
   </div>
   <div class='ocr_carea' id='block_1_11' title="bbox 0 0 1544 4892">
    <p class='ocr_par' dir='ltr' id='par_1_14' title="bbox 0 0 1544 4892">
     <span class='ocr_line' id='line_1_35' title="bbox 0 0 1544 4892; baseline 0 0"><span class='ocrx_word' id='word_1_207' title='bbox 0 0 1544 4892; x_wconf 95' lang='lat' dir='ltr'> </span> 
     </span>
    </p>
   </div>
  </div>
 </body>
</html>
