3144 4888
728 465 973 534 ...106-

426 641 507 720 „Qui
530 661 586 706 sua
607 646 716 726 sponte
738 644 814 704 meis
837 641 976 705 submisit
998 641 1076 703 colla
1099 638 1238 702 catenis?

435 745 600 823 „Chartam
620 750 772 829 percerte,
794 747 930 808 mihimet
952 765 1042 825 quam
1063 743 1197 804 reddidit
1217 741 1293 825 ipse,

431 851 603 932 „Tempore
621 851 730 932 judicii
752 849 873 914 Christo
895 851 1069 910 monstrabo
1092 847 1215 908 futuri.“

371 1025 376 1035 Δ
471 952 527 1016 Cui
550 957 675 1016 sanctus
697 974 820 1014 rursum
840 954 992 1014 reddebat
1013 954 1075 1012 tale
1098 972 1296 1033 responsum:

341 1052 414 1118 250.
430 1056 552 1137 „Ipsius
575 1055 689 1118 Christi
709 1060 884 1138 praecepto,
904 1055 1018 1137 judicis
1041 1056 1138 1134 aequi,

426 1159 590 1234 „Reddere
613 1161 774 1235 litterulas,
797 1179 896 1239 spero,
919 1162 951 1218 te
973 1159 1112 1239 protinus
1134 1160 1245 1241 ipsas.¹‘

427 1261 486 1322 His
508 1263 604 1341 igitur
627 1263 724 1336 dictis,
748 1264 847 1324 oravit
869 1263 959 1324 turha
981 1262 1090 1338 fidelis,

429 1363 639 1427 Altithronum
660 1366 804 1447 preculis,
828 1366 939 1426 devoto
961 1367 1086 1445 pectore
1108 1365 1194 1440 fusis,

426 1467 537 1527 Fidum
558 1470 712 1549 pastorem
735 1489 794 1548 quo
819 1468 1006 1528 confortaret
1027 1468 1058 1528 iu
1080 1468 1207 1528 hostem.

341 1565 413 1630 255.
429 1569 495 1630 Nec
517 1590 610 1647 mora,
634 1572 672 1632 de
695 1591 811 1632 summo
835 1571 945 1630 cecidit
967 1571 1119 1650 scriptura
1142 1570 1248 1632 dolosa

426 1671 509 1734 Ante
530 1675 626 1755 pedes
649 1674 748 1735 sancti
769 1694 888 1734 necnon
910 1674 1043 1754 pastoris
1065 1673 1194 1732 amandi.

471 1776 557 1837 Tunc
579 1779 667 1858 plebs
691 1779 782 1840 corde
799 1779 849 1858 pio
865 1777 1004 1855 gaudens
1021 1796 1089 1836 cum
1107 1776 1252 1856 praesule
1266 1776 1368 1855 digno,

428 1876 547 1958 Sparsit
570 1881 708 1962 adusque
730 1882 834 1961 polum
855 1899 948 1941 voces
971 1899 1040 1938 curn
1070 1879 1203 1962 carmine
1232 1880 1366 1954 laudum,

428 1978 623 2043 Conlaudans
645 1981 807 2058 Christum,
831 1983 920 2042 solita
941 1982 1057 2062 pietate
1079 1981 1256 2060 benignum,

342 2079 414 2142 260.
428 2082 489 2152 Qui
511 2088 634 2166 captum
655 2086 771 2146 veteris
793 2085 927 2146 retraxit
949 2087 986 2145 ab
1010 2105 1062 2145 ore
1085 2085 1190 2146 leonis.

427 2186 491 2247 Nos
514 2209 634 2268 quoque
656 2189 840 2269 plaudentes
862 2206 1045 2268 spargamus
1068 2188 1107 2248 ad
1123 2189 1251 2250 aethera
1265 2207 1367 2266 ¹voces,

428 2288 607 2352 Laudantes
629 2292 792 2353 Dominum
813 2291 927 2352 ridenti
949 2294 1074 2371 pectore
1097 2289 1260 2365 Christum,

431 2393 492 2464 Qui
514 2395 600 2456 nobis
624 2396 760 2456 clemens
783 2395 877 2456 talem
898 2395 1009 2454 reniae
1032 2394 1140 2456 tribuit
1162 2413 1256 2475 spem.

428 2496 495 2577 Ipsi
516 2517 647 2578 namque
671 2499 765 2560 deons
788 2498 853 2572 soli,
875 2497 1013 2572 victoria,
1036 2497 1145 2573 virtus,

345 2595 418 2660 265.
431 2598 573 2662 Laudum
595 2605 755 2664 cantamen
777 2603 961 2682 maneatque
983 2601 1172 2682 perenniter,
1193 2600 1302 2662 Amen.

370 2834 416 2878 249.
431 2848 546 2890 rursus,
569 2837 601 2881 M.
618 2849 639 2879 u.
654 2837 679 2881 P.
710 2839 756 2880 259.
775 2837 1022 2890 conrnndsn=‚M.
1071 2839 1119 2882 263.
1139 2836 1206 2878 telem
1226 2836 1403 2898 demumst„

438 2918 460 2947 ιι.
474 2904 506 2961 S.;
523 2903 596 2959 Quo,
611 2907 649 2958 Mn
666 2905 716 2949 Quo
732 2907 821 2960 tribuat,
842 2907 864 2951 C.
881 2921 903 2951 ιι.
918 2906 957 2962 8.;
986 2907 1010 2950 Ρ,
1027 2908 1129 2962 corrtgtrt
1144 2904 1204 2949 Quo
1222 2907 1244 2947 iu
1259 2903 1321 2948 Qui.
