3122 4894
763 400 1001 470 ..204-

751 575 1010 640 Celimeohus.

362 682 555 746 Nulletenus.
600 679 689 742 Lioet
708 699 771 744 nou
794 680 945 742 defuisset
963 682 1047 742 velle
1069 680 1265 764 possibilitas,
1289 683 1398 743 tamen

366 785 487 847 omnino
510 783 609 846 defuit
629 803 729 865 posse.

773 886 984 962 iohannes

367 989 436 1062 Quo
459 991 549 1073 paeto
570 987 811 1070 impediebaris?

467 1089 469 1098 '
755 1089 1016 1153 Colimaohus.

367 1195 410 1260 Ut
430 1194 576 1275 primum,
606 1194 752 1256 distraoto
774 1194 924 1274 tegmine,
958 1192 1104 1256 eonvioiis
1126 1193 1276 1275 temptavi
1296 1195 1399 1255 loces-

376 1317 445 1358 sere
479 1316 590 1378 eorpus
624 1297 778 1372 exanime,
808 1299 867 1358 iste
889 1297 1095 1372 Fortunatus,
1126 1297 1178 1376 qui
1205 1297 1302 1357 fomes
1327 1297 1404 1357 meli

371 1403 403 1463 et
424 1401 567 1461 incensor
590 1401 702 1475 extit't
725 1399 910 1480 serpentinis
932 1399 1079 1481 perfusus
1101 1399 1240 1475 venenis,
1262 1398 1362 1481 periit.

738 1501 1029 1564 Androniohus.

319 1671 321 1676 ,
371 1605 533 1669 Ofeetum
553 1607 650 1667 bene!

750 1689 1015 1752 Oelimaehus.

337 1855 344 1867 ,
370 1794 447 1856 Mihi
469 1796 572 1856 autem
594 1794 737 1876 apparuit
761 1793 896 1874 juvenis,
926 1795 1055 1874 aspectu
1082 1791 1239 1868 terribilis,
1270 1792 1322 1873 qui
1349 1793 1402 1853 de-

372 1899 488 1958 tectum
507 1916 618 1976 eorpus
640 1895 806 1957 honorifice
827 1895 972 1976 texit3³⁷)
996 1915 1037 1956 ex
1050 1896 1137 1975 eujus
1160 1896 1300 1956 flammea
1322 1896 1403 1957 faeie

373 1999 540 2059 candentes
562 1997 593 2057 in
615 1998 740 2059 bustum
763 1997 913 2058 scintillae
944 1999 1166 2072 transiliebant,
1189 2016 1320 2077 quarum
1340 2017 1404 2058 une

369 2100 510 2161 resiliens
538 2098 612 2159 mihi
641 2100 674 2160 in
702 2099 813 2160 faeiem
842 2101 1011 2176 ferebatur,
1048 2101 1198 2181 simulque
1225 2115 1290 2162 vox
1321 2102 1405 2162 fecte

370 2205 427 2277 est,
456 2202 578 2264 dicens:
620 2199 865 2278 Oelimaohe,
895 2222 1070 2279 morere,
1099 2203 1293 2265 utvivas!
1344 2203 1405 2266 His

376 2305 473 2380 dietis,
496 2305 645 2387 expiravi.

777 2390 993 2452 Johennes

375 2493 461 2576 Opus
485 2495 627 2557 eoelestis
640 2495 769 2584 gratiae,
793 2495 845 2575 qui
855 2495 896 2576 38)
918 2515 979 2557 non
996 2494 1169 2555 delectatur
1190 2493 1223 2555 in
1244 2494 1408 2577 impiorum

373 2596 555 2682 perditione.

758 2679 881 2745 Galim
892 2703 910 2745 a
919 2685 1022 2744 chus.

372 2785 496 2848 Audisti
516 2785 671 2847 miseriem
690 2804 778 2846 meae
794 2787 984 2867 perditionis,
1007 2786 1070 2848 noli
1086 2785 1234 2867 elongare
1255 2786 1409 2848 medelam

377 2889 450 2950 tuae
472 2886 688 2948 miserationis.

783 2971 1000 3034 iohannes

377 3059 448 3121 Non
470 3058 630 3137 elongabo.

762 3140 1021 3205 Celimeohus.

381 3245 461 3306 Nem
488 3243 614 3303 nimium
640 3243 820 3321 confundor,
832 3247 872 3328 ³⁹)
899 3248 1084 3310 cordetenus
1107 3248 1279 3325 contristor,
1308 3248 1411 3324 anxio,

384 3365 483 3426 gemo,
506 3345 595 3407 doleo
618 3366 711 3428 super
734 3350 825 3428 gravi
846 3351 1004 3432 impietate
1026 3370 1103 3413 mea.

785 3452 1001 3516 iohannes

381 3552 448 3614 Neo
471 3553 621 3630 inmerito,
646 3553 758 3636 quippe
787 3576 885 3636 grave
914 3558 1062 3620 delictum
1083 3559 1159 3620 haut
1179 3559 1251 3619 leve
1273 3555 1378 3638 poenit
1401 3591 1413 3600 -

384 3656 463 3718 dinis
486 3660 632 3739 expectat
653 3659 831 3720 remedium.

766 3759 1029 3824 Oelimaehus.

382 3860 540 3924 Outinam
562 3865 779 3922 reserarentur
801 3869 922 3926 secreta
944 3885 1082 3928 meorum
1103 3868 1262 3928 viseerum
1277 3867 1415 3942 latibula,
1464 3933 1470 3946 Ι

410 4051 448 4105 87)
463 4051 543 4104 ituit,
558 4050 602 4102 Μ.;
616 4049 685 4090 rust
701 4050 781 4090 texti.
807 4049 845 4104 38)
859 4061 944 4105 quae,
959 4051 989 4104 (3,,
998 4051 1021 4093 S.
1030 4065 1051 4092 u.
1060 4051 1125 4107 Mg.;
1140 4053 1296 4094 coelestisne.
1307 4053 1412 4106 Dei‚qui.

463 4121 501 4175 39)
519 4119 696 4172 contundes,
711 4118 754 4170 M.;
767 4119 792 4160 Ρ.
808 4121 887 4174 corrig.
904 4122 926 4161 in
941 4121 1122 4178 confuudor3
1140 4126 1254 4176 anxior,
1269 4123 1293 4168 C.
1307 4135 1330 4165 u.
1345 4121 1368 4163 S.

703 4287 720 4314 Ο
