3144 4888
749 444 986 530 ...1502-

443 625 512 700 Hoc
533 634 624 702 ulons
644 635 677 699 iu
698 633 802 702 fronte
821 632 922 714 precis
943 631 1147 700 modulamine
1169 631 1287 698 laudis:

443 735 666 817 „Omniperens
688 735 777 802 verbi
797 736 919 814 genitor
940 735 1107 815 mundique
1129 738 1259 808 erector,

442 838 533 914 erlll,
557 858 626 906 cum
648 839 760 904 dilecto
782 854 928 916 regnans,
949 840 1033 899 retro
1057 843 1195 918 temporo
1216 841 1297 913 nete

357 937 430 1002 375.
447 939 694 1022 „Ambcrumque
717 943 881 1008 coaeterno
906 959 975 1002 oum
996 939 1118 1006 flamine
1141 959 1237 1014 sacro,

445 1043 567 1123 „Digne
588 1044 732 1118 lauderis,
755 1043 875 1115 coleris,
896 1042 1067 1117 venereris,
1091 1043 1211 1118 emeris,

445 1145 510 1220 „Te
533 1147 632 1208 solum
653 1147 753 1220 leudo,
775 1148 807 1208 te
828 1145 983 1209 laudando
1006 1145 1165 1219 benedico,

444 1247 505 1321 „Et
526 1248 580 1308 tibi
602 1249 717 1309 devote
736 1255 842 1326 gretes
864 1246 1009 1327 persolvo
1030 1267 1195 1328 perennes,

442 1349 609 1430 „Ejusdem
631 1351 701 1429 quio
722 1350 801 1412 iulte
821 1350 866 1412 tui
886 1349 1050 1410 munimine
1072 1349 1146 1423 neti,

357 1448 428 1512 380.
442 1451 637 1532 „Numquam
660 1452 810 1514 subcubui
831 1451 983 1531 serpentis
1005 1451 1115 1512 froude
1137 1451 1260 1526 vetusti,

441 1551 596 1635 „Corpore
618 1556 674 1616 sed
696 1558 789 1630 cesto,
811 1574 890 1635 puro
913 1553 1075 1632 cordisque
1097 1557 1217 1614 secreto

442 1654 571 1732 „Carnis
595 1657 758 1738 spurcities
780 1655 968 1738 pertransivi
989 1657 1068 1722 benc¹
1092 1664 1227 1729 cunctos,

441 1758 581 1833 „Poenas
604 1760 749 1838 sacrilegi
769 1759 886 1840 pariter
908 1757 1082 1837 superando
1104 1743 1237 1838 tyranni.

441 1859 551 1935 „Hinc
573 1863 715 1940 gaudens
736 1862 769 1924 in
790 1865 822 1922 te
843 1860 969 1922 nimium
990 1879 1083 1940 super
1105 1859 1163 1923 hac
1185 1859 1309 1939 pietate,

354 1956 426 2022 385.
442 1961 512 2036 „Ad
534 1966 566 2022 te
588 1983 670 2024 nune
692 1962 800 2024 animis
824 1963 935 2024 festino
958 1961 1066 2022 venire
1084 1961 1236 2041 jocundis,
1328 1961 1334 1982 ⁸

440 2063 579 2144 „optans
598 2067 670 2144 jura
692 2065 757 2146 pati
779 2065 885 2126 mortis
908 2064 1059 2142 citiusque
1082 2063 1204 2138 resolvi,

442 2165 532 2240 „Quo
550 2151 676 2228 ¹mercor
697 2187 773 2228 vere
796 2165 996 2246 contemplari
1019 2166 1085 2227 siue
1108 2166 1168 2226 fine

438 2267 512 2342 „,Te
534 2288 625 2347 quem
648 2269 796 2348 quaesivi,
820 2289 911 2348 quem
933 2269 1031 2330 solum
1052 2287 1174 2348 semper
1196 2267 1304 2328 emavi.

439 2369 507 2444 „Tu
530 2370 664 2432 clemens
687 2371 826 2446 animem,
849 2373 959 2468 prote
927 2371 1021 2432 tede
1044 2389 1172 2450 corpore
1194 2370 1322 2450 pulsem,

354 2467 426 2532 390.
441 2471 548 2547 „Intra
571 2474 707 2535 claustro
728 2474 775 2535 tui
796 2473 960 2552 dignanter
983 2473 1104 2552 suscipe
1126 2472 1226 2550 regni,

443 2574 590 2651 „Quotu
570 2577 690 2656 uj‚ure
713 2579 766 2638 tuo
787 2576 909 2657 pollens
932 2576 988 2636 sub
1010 2575 1131 2636 nomine
1153 2575 1242 2648 trino,

441 2676 534 2752 „Rex
555 2697 636 2740 uuus
657 2678 817 2739 machinae
838 2697 943 2739 rerum
963 2697 1021 2757 per
1042 2677 1167 2738 saecule
1188 2677 1288 2739 trinos
1377 2731 1380 2742 .

438 2777 523 2854 „iste
546 2781 656 2840 cuncto
677 2781 762 2858 regis
784 2783 908 2860 sceptro
930 2797 1066 2840 summae
1088 2779 1239 2840 deitatis.“

438 2879 571 2954 Scilicet,
595 2881 710 2942 orantis
731 2882 875 2961 precibus
893 2883 958 2961 jem
979 2882 1038 2942 rite
1059 2881 1202 2961 peractis,

351 2978 426 3043 395.
441 2981 571 3062 Ignibus
594 2983 748 3058 extinctis,
770 2982 898 3044 moritur
920 2983 1021 3044 subito
1043 3001 1138 3060 rogus
1161 2981 1267 3056 omnis,

434 3083 477 3146 Et
499 3084 574 3144 cinis
596 3084 671 3165 ipse,
694 3086 758 3147 suis
781 3083 1035 3162 confrigescendo
1058 3083 1181 3158 favillis,

436 3185 486 3248 Sic
508 3205 623 3266 expers
644 3186 741 3248 omnis
763 3187 863 3249 lbctus
886 3187 946 3248 fuit
964 3186 1056 3248 immo
1079 3186 1201 3261 celcris,

434 3285 477 3349 Ut
500 3306 558 3356 nec
580 3287 745 3349 scintillam
767 3289 824 3350 sibi
845 3292 917 3370 post
939 3289 1114 3350 servaverit
1135 3289 1238 3353 utrem

433 3386 503 3451 Hoc
523 3388 621 3468 igitur
644 3389 732 3469 signo
751 3392 817 3472 jam
839 3392 1030 3456 clarescente
1053 3391 1216 3472 stupendo,

350 3485 423 3551 400.
439 3490 562 3562 Quanto
585 3512 618 3554 se
641 3492 741 3557 virtus
764 3491 878 3558 Christi
899 3495 968 3576 plus
991 3494 1110 3572 detegit
1131 3493 1206 3567 orbi,

247 3595 251 3606 ‘
435 3593 534 3655 Tanto
555 3595 684 3674 majoris
702 3596 820 3666 rabiem
841 3596 986 3678 spirando
1008 3581 1130 3670 furoris²
1316 3605 1317 3609 ’

435 3695 578 3778 rnjuslus
594 3697 695 3778 juder
717 3699 818 3767 animo
838 3697 994 3766 cruciatur
1015 3715 1129 3772 ιιιιιιιο,

435 3798 503 3862 Nec
523 3798 641 3880 potitur
663 3818 786 3871 socrum
804 3800 975 3880 posthaec
995 3817 1161 3880 superesse
1183 3796 1327 3880 puellum,

372 4011 758 4069 srrmscwssmp
785 4013 1370 4072 urpacrsoro..

435 4083 817 4150 turget
823 4081 1376 4140 (meurisse

436 4134 1276 4207 rnreecrgrrrrrorores
