3080 4892
755 462 994 532 ...284-

755 639 999 706 Hadrianus.

363 743 498 822 Faciam,
521 761 600 825 qnae
622 742 763 806 hortaris.

520 877 522 883 v
760 846 993 910 Antiochus.

357 950 408 1014 Ita
429 951 551 1012 demum
572 950 777 1034 praevalebis.

393 1111 400 1125 ,
475 1121 480 1138 .
750 1053 995 1115 Hadrianus.

357 1157 469 1233 Fides,
492 1157 615 1218 intuere
637 1157 847 1218 venerabilem
867 1175 999 1238 magnac
1022 1157 1141 1218 Dianae
1169 1156 1336 1236 imaginem
1358 1160 1393 1220 et

359 1262 407 1324 ier
430 1277 537 1324 saonae
559 1259 645 1322 Deae
667 1260 821 1333 libamina,
843 1280 903 1340 quo
925 1259 1026 1341 possis
1048 1259 1094 1321 uti
1116 1260 1182 1340 ejus
1207 1260 1318 1340 gratia.

806 1362 936 1424 Fides

358 1465 385 1529 Ο
410 1467 540 1528 stultum
561 1465 755 1548 imperatoris
777 1468 993 1548 praeceptum,
1020 1451 1104 1527 omni
1124 1467 1300 1548 contemptu
1324 1466 1390 1547 dig-

360 1589 432 1632 num
445 1574 452 1632 !

750 1653 994 1716 Hadrianus.

358 1758 441 1830 Quid
453 1773 626 1821 murmuras
640 1758 880 1822 subsannando?
904 1757 1003 1830 Quem
1015 1757 1125 1819 irrides
1137 1757 1239 1819 fronte
1249 1759 1390 1838 rugosa?
1494 1817 1499 1825 ,

810 1860 939 1922 Fides.

357 1963 417 2028 Tui
443 1963 604 2028 stuititiam
625 1960 748 2039 irrideo,
772 1963 817 2025 tui
840 1963 1046 2046 insipientiam
1067 1963 1230 2025 subsanno.

750 2067 994 2146 Hadrianus.

357 2153 446 2216 Mei?

810 2239 939 2301 Fides.

245 2335 254 2342 '
359 2324 426 2398 Fui.

759 2411 996 2475 Antiochus.

357 2498 582 2582 Imperatoris?

811 2583 939 2645 Fides.

360 2668 474 2751 Ipsius.

759 2753 994 2818 Antiochus

359 2841 385 2904 0
408 2843 513 2903 nefas!

810 2927 938 2989 Fides.

363 3030 446 3100 Quid
468 3029 549 3090 enim
572 3029 706 3106 stultius,
730 3030 802 3110 quid
824 3029 1019 3110 insipientius
1037 3031 1135 3093 videri
1156 3034 1275 3113 potest,
1300 3049 1389 3112 quam

364 3133 445 3213 qnod
467 3133 609 3192 hortatur
631 3151 696 3206 nos,
718 3135 892 3212 contempto
915 3131 1063 3197 theutone
1085 3135 1312 3211 universitatis,
1335 3153 1389 3195 ve-

358 3234 552 3295 nerationem
574 3233 690 3295 inferre
712 3236 866 3298 metallis?
986 3271 989 3278 .

495 3409 497 3414 ,
756 3339 988 3405 Antiochus.

359 3423 462 3501 Fides,
486 3423 610 3486 insanis.
623 3423 663 3506 ³⁵)
878 3415 881 3422 ’

808 3511 940 3574 Fides.

359 3594 521 3673 Antioche,
543 3597 690 3658 mentiris.
787 3605 788 3612 ’
966 3669 969 3674 ,

672 3691 674 3698 “
756 3683 990 3747 Antiochus.
1019 3685 1042 3724 ·²

356 3785 467 3848 Nonne
488 3787 566 3848 haec
588 3804 705 3848 summa
727 3788 847 3848 insania
870 3791 901 3849 et
922 3804 1036 3868 magna
1058 3792 1106 3850 cst
1121 3790 1285 3866 dementia,
1308 3790 1387 3870 quod

357 3909 461 3950 rerum
483 3890 652 3972 principem
675 3891 780 3952 dixisti
801 3892 1020 3973 insipientem?

384 4108 422 4164 36)
438 4109 478 4150 Dte
492 4110 579 4152 hrode
591 4111 632 4152 des
649 4111 783 4154 Antiochus:
810 4110 905 4163 Μαι,
920 4110 1048 4164 insanis,
1060 4110 1108 4152 und
1121 4111 1157 4152 dte
1173 4109 1335 4168 Emittemng
1350 4114 1387 4155 der

435 4177 513 4223 Fides:
531 4179 692 4233 Antiocho,
706 4181 855 4236 mentiris,
870 4177 943 4224 tebias
961 4182 984 4223 ts
1000 4181 1023 4223 0.
1038 4193 1061 4225 u.
1078 4179 1102 4224 S.
