3144 4888
971 395 980 431 Ι

580 459 820 526 -157-

605 633 790 698 ¹Tribuni.
815 675 819 682 -

183 741 328 823 Aedspol
349 738 533 812 faciendum,
563 757 611 812 en,
640 738 868 818 undiquesecus
890 739 1123 818 circumdamur,
1144 744 1212 804 vul·

183 863 338 919 neramur,
360 841 547 924 perimimur.
659 838 663 843 ’

577 940 819 1005 Gallicanus.

184 1052 233 1115 ΕΙ]
253 1051 327 1112 heu!
351 1047 424 1129 quid
447 1047 516 1120 erit,
540 1065 608 1106 cum
629 1046 745 1108 tribuni
765 1067 814 1108 me
838 1051 996 1129 spernunt,
1009 1067 1042 1108 se
1063 1049 1214 1114 tradunt?

594 1166 805 1231 lohannes

185 1277 250 1339 Fac
270 1277 377 1338 uotum
398 1272 464 1332 Deo
487 1271 573 1344 coeli,
594 1273 626 1331 te
649 1270 850 1332 christianum
870 1271 947 1348 fieri,
969 1275 1001 1334 ot
1022 1271 1137 1344 vinces.

579 1370 825 1436 Gallicanus.

187 1482 306 1556 Voveo,
329 1481 361 1540 et
384 1496 477 1560 opere
498 1475 639 1557 implebo.

624 1578 781 1640 Hostes.

185 1689 291 1750 Heus!
313 1705 372 1746 rex
386 1683 521 1758 Bradan,
541 1682 712 1762 sperandae
728 1682 768 1763 36)
791 1682 915 1744 fortuna
936 1683 1084 1744 victoriae
1106 1685 1215 1747 alludit

186 1812 258 1868 nos;
281 1811 320 1850 en
342 1790 473 1850 dextrae
496 1787 729 1864 languuescent,
745 1785 786 1866 37)
808 1786 892 1846 vires
915 1786 1074 1861 fatiscent,
1106 1789 1162 1849 sed
1184 1792 1217 1850 et

186 1892 391 1957 inconstantia
413 1889 551 1983 pectoris
569 1888 653 1966 cogit
674 1908 730 1964 nos
752 1887 913 1949 discedere
935 1891 973 1950 ab
996 1890 1098 1952 armis.

619 2007 782 2068 Bradau.

189 2117 272 2188 Quid
295 2115 403 2188 dicam,
415 2113 532 2192 ignoro.
575 2109 658 2190 Ipsa,
681 2129 773 2190 quam
794 2111 942 2188 toleratis,
961 2131 1010 2172 me
1031 2117 1126 2192 urget
1146 2131 1216 2195 pas-

187 2221 240 2281 sio.
284 2218 405 2292 Rcstat,
427 2218 462 2276 ut
484 2234 539 2275 nos
562 2213 633 2273 duci
654 2215 820 2274 tradamus.

626 2315 777 2377 Hostes.

187 2425 275 2486 Alias
297 2441 359 2483 uon
381 2421 558 2482 evademus.

617 2519 785 2581 Bradan

188 2631 263 2692 Dux
286 2625 462 2702 Gallicane,
498 2623 563 2684 noli
594 2623 626 2683 in
654 2623 753 2684 nostri
784 2623 953 2705 perniciem
985 2624 1122 2702 saevire,
1162 2625 1219 2687 sed

186 2752 281 2815 parce
304 2733 336 2791 et
356 2732 455 2804 utere,
477 2727 618 2801 utlibet,
641 2728 748 2788 nostra
769 2727 928 2788 servitute.

579 2826 826 2890 Gallicanus.

186 2937 237 2998 Ne
258 2932 500 3016 trepidetis„ne
522 2931 710 3007 formidetis,
733 2933 804 3008 sed,
828 2932 908 2994 datis
931 2931 1103 3009 obsidibus,
1126 2932 1219 2994 facite

188 3059 247 3102 uos
258 3037 435 3100 tributarios
447 3035 649 3117 imperatoris,
662 3037 693 3096 et
704 3035 800 3095 vivite
812 3036 902 3096 beate
921 3037 979 3097 sub
996 3054 1122 3097 romana
1134 3055 1219 3117 pace.

616 3137 786 3198 Bradan.

189 3243 256 3305 Tuo
279 3241 405 3304 arbitrio
427 3242 551 3322 pendet,
564 3244 638 3320 quot
652 3241 825 3320 qualesque
844 3240 985 3322 accipere
1007 3243 1218 3321 quantumque

192 3346 313 3428 pondus
335 3343 476 3406 solvendi
499 3363 610 3404 census
632 3342 719 3404 nobis
741 3343 820 3404 velis
841 3344 1007 3425 imponere.

582 3442 831 3506 Gallicanus.

192 3549 310 3613 Solvite
344 3551 543 3630 procinctum,
576 3547 637 3608 mei
658 3547 784 3621 milites,
818 3565 907 3608 nemo
940 3547 1096 3623 laedatur,
1129 3567 1220 3610 nemo

187 3653 367 3735 perimatur,
389 3652 610 3735 amplectamur
632 3649 817 3723 foederatoS,
830 3668 906 3729 quos
928 3648 1067 3730 publicos
1089 3650 1221 3712 insecta-

190 3759 298 3818 bamur
311 3756 352 3836 ³⁸)
374 3755 521 3816 inimicos.
1024 3797 1044 3837 x

213 4021 251 4080 86)
266 4021 425 4078 sperande,
441 4021 476 4074 S.;
491 4019 593 4065 illudit
606 4035 656 4076 nos,
670 4019 694 4065 C.
708 4031 732 4066 u.
746 4021 769 4065 S.
796 4021 835 4076 37)
848 4019 1056 4076 languescunt,
1069 4019 1221 4076 fatiscunt,

265 4094 311 4148 lig.
339 4094 378 4147 38)
392 4095 584 4146 insectemur,
600 4091 655 4146 Mg.,
664 4091 713 4134 sich
726 4091 843 4160 falschllch
857 4090 898 4134 eni
908 4091 952 4132 den
961 4089 1157 4148 cedentemtenc,
1172 4090 1222 4132 wel·

267 4162 554 4206 sustinueramus
572 4160 618 4207 het.

751 4312 757 4354 l
