3122 4894
764 441 1001 510 -198-

773 615 793 679 J
800 636 820 678 0
883 635 990 678 nnes.

368 723 431 792 Gur
451 722 578 790 nimium
593 719 797 796 ’1011τὶ11111,
815 616 1016 782 dlnadroniee?
1041 715 1104 782 Onr
1116 717 1216 782 fluunt
1228 717 1411 781 lacrimae?

735 822 1032 890 Androniohus.

366 927 448 1005 Heu,
469 929 549 992 heul
570 926 701 1002 domine,
723 925 834 992 taedeo
855 925 939 988 vitae
961 923 1113 1005 propriae.

776 1027 994 1091 Johannea

372 1118 456 1191 Quid
478 1116 621 1200 pateris?
897 1191 901 1196 ι

741 1197 1035 1266 Androniohus·¹

370 1288 534 1364 Drusiana,
555 1288 602 1351 tui
623 1287 799 1349 assecla...

774 1371 993 1434 lohannes

371 1476 472 1540 Estne
494 1475 616 1539 homine
630 1474 669 1556 ¹⁶)
692 1476 810 1536 exuta?

744 1576 1038 1640 Androniohus.

371 1665 470 1729 Hem!
493 1667 550 1727 est.

783 1748 1001 1814 Johannea

378 1855 511 1918 Multum
525 1852 726 1930 disconvenit,
748 1855 784 1914 ut
804 1873 860 1936 pro
872 1853 920 1914 his
932 1852 1101 1915 fundantur
1111 1852 1264 1930 lacrimae,
1278 1874 1411 1938 quorum

372 1957 489 2019 animas
512 1956 665 2018 oredimus
687 1955 799 2017 laetari
819 1955 851 2014 in
873 1954 989 2034 requie.

739 2056 1039 2120 Andronichus.

375 2162 446 2226 Non
469 2161 606 2223 dubitem
633 2161 715 2237 licet,
745 2161 828 2240 quin,
858 2162 893 2222 ut
922 2160 1046 2236 asseris,
1076 2160 1176 2222 anima
1206 2163 1409 2226 aeternaliter

374 2267 510 2327 laetetur
540 2283 713 2346 corpusque
744 2263 926 2343 quandoque
954 2263 1165 2346 incorruptum
1192 2266 1408 2344 resuscitetur,

374 2367 433 2430 hoc
455 2370 560 2429 tamen
581 2387 631 2427 me
643 2367 846 2428 vehementer
868 2366 980 2441 exurit,
1004 2368 1085 2448 quod
1103 2366 1408 2450 ipsamepraesente

372 2474 513 2547 mortem,
535 2473 570 2532 ut
591 2471 762 2546 adveniret,
785 2471 918 2553 optando
940 2469 1090 2531 invitavit.

786 2572 1001 2635 lohannes

372 2675 571 2757 Agnoristin’
585 2676 627 2755 ¹⁷)
649 2676 796 2738 causam?

740 2778 1039 2842 Androniohus.

377 2882 512 2966 agnovi,
535 2881 651 2962 trlrique
674 2882 844 2958 enucleam,
860 2882 887 2943 si
905 2883 1026 2962 quando
1049 2902 1091 2944 ex
1111 2880 1235 2946 tristitia
1256 2883 1314 2946 huo
1336 2901 1408 2946 ceu·

372 2987 537 3050 valesoam.

777 3066 995 3130 Johannes

373 3171 567 3235 Accedamus
590 3169 800 3254 exequiasque
824 3171 990 3250 diligenter
1012 3175 1213 3238 celebremus.

743 3273 773 3335 A
781 3293 802 3334 1
811 3274 855 3335 dr
867 3295 912 3336 on
920 3275 931 3336 i
940 3294 956 3338 c
964 3275 985 3336 h
993 3297 1014 3336 u
1022 3297 1045 3338 a

372 3375 583 3438 Marmoreum
604 3375 636 3440 in
658 3378 798 3460 proximo
819 3379 1018 3460 sepulchrum
1039 3380 1179 3456 habetur,
1201 3378 1233 3438 in
1256 3379 1337 3459 quod
1359 3377 1407 3440 fn-

371 3500 430 3542 nus
452 3482 594 3562 ponatur,
618 3481 827 3562 servandique
861 3500 936 3543 cura
966 3483 1121 3566 sepulchri
1143 3483 1313 3545 Fortunato
1335 3503 1407 3544 nos-

375 3587 424 3648 tro
446 3583 641 3664 relinquatur
663 3585 865 3666 procuratori.

777 3687 994 3749 Johannes

371 3789 479 3864 Decet,
507 3791 542 3850 ut
569 3789 741 3851 tumuletur
762 3789 938 3850 honorifice.
982 3791 1067 3852 Deus
1098 3790 1245 3852 laetificet
1274 3790 1407 3852 animam

371 3913 403 3954 11
425 3911 541 3974 reane.

811 3977 990 3988 m

399 4141 716 4200 imbecillemque
746 4145 781 4200 17)
795 4142 954 4200 Agnostlu',
969 4145 993 4190 c.
1009 4156 1031 4186 n.
1045 4143 1070 4189 S.
