3134 4896
775 451 990 580 ..u-

453 686 536 764 „Qui
556 703 641 750 nuno
662 685 843 770 despectum
864 689 1015 768 spernunt
1035 685 1216 748 venerarier
1236 685 1365 768 ipsum.“

492 789 550 852 His
571 809 644 854 nam
664 789 821 853 blanditiis
843 789 997 869 anguinae
1021 789 1196 852 calliditatis

453 891 518 956 Iste
540 893 634 956 miser
655 895 751 958 verbo
774 909 836 954 noa
858 891 1089 955 contradixerat
1107 893 1179 968 ullo,

452 995 515 1058 Sed
537 995 605 1060 ieri
627 996 730 1077 gestit,
754 1014 834 1076 quae
855 1012 1024 1076 perversus
1048 996 1140 1056 draco
1163 996 1269 1071 suasit,

367 1095 437 1161 125.
452 1097 595 1162 Proditor
616 1102 709 1180 atque
731 1101 828 1160 totum
851 1098 1004 1179 (dederat)
1027 1119 1061 1160 se
1084 1099 1256 1180 perditioni.

450 1200 567 1284 Sponte
589 1202 675 1265 dedit
696 1201 812 1284 proprii
834 1202 972 1262 chartam
995 1203 1133 1262 scribens
1155 1202 1339 1275 detrimenti,

450 1303 489 1366 In
512 1324 574 1386 qua
595 1307 756 1388 spirituum
778 1307 911 1366 testetur
932 1304 1016 1365 uelle
1037 1293 1196 1385 nigroium

449 1407 529 1472 Esse
552 1411 609 1472 sub
632 1410 768 1472 aeternis
788 1412 878 1472 sociis
899 1431 956 1494 per
978 1410 1103 1472 saecula
1123 1408 1239 1490 poenis.

445 1498 514 1576 Hoc
534 1513 588 1574 ubi
608 1512 750 1595 perfecit,
770 1515 884 1596 passim
905 1516 1088 1594 phantasma
1108 1512 1246 1586 recessit,

364 1613 434 1678 130.
448 1615 583 1698 ipseque
605 1635 675 1678 cum
695 1635 793 1698 pravo
815 1618 980 1696 gaudendo
1002 1617 1122 1678 redibat
1144 1614 1248 1676 amico.

487 1718 584 1784 Facta
606 1737 737 1800 namque
761 1719 818 1796 die,
841 1722 966 1801 praesul
988 1719 1148 1801 praecepit
1170 1717 1280 1778 adesse

445 1820 528 1884 Cleri
548 1822 706 1905 primates,
729 1823 833 1904 plebis
859 1824 1037 1905 pariterque
1059 1822 1186 1905 priores,

441 1923 545 2004 Atque
568 1924 779 2006 Theophilum,
803 1929 922 1990 cunctis
945 1926 1116 1987 astantibus
1137 1924 1206 1999 illis,

445 2025 624 2088 Adductum
645 2029 749 2089 verbis
771 2028 897 2090 nimium
917 2029 1077 2090 blanditur
1099 2027 1212 2101 amicis,

362 2125 432 2190 135.
448 2127 551 2210 Ipsius
574 2131 711 2192 subdens
734 2131 824 2192 hilari
846 2133 936 2192 vultu
959 2132 1073 2206 ditioni,

351 2241 357 2250 ·
442 2230 643 2313 Dessevitque
664 2233 732 2314 piis,
758 2253 828 2296 sese
850 2253 1008 2316 peccasse,
1031 2232 1184 2308 lamentis,

440 2334 603 2417 Abjecisse
625 2336 727 2399 virum
750 2339 968 2418 praesumebat
990 2338 1061 2418 quia
1084 2339 1230 2398 sanctum.

439 2435 500 2498 Ast
521 2439 570 2499 hic
593 2460 610 2498 e
633 2440 741 2502 subitis
764 2440 843 2502 tanti
864 2441 997 2502 laetatus
1020 2441 1143 2502 honoris

441 2538 548 2617 Donis,
570 2544 641 2624 plus
664 2561 762 2622 aequo
785 2544 865 2606 tollit
887 2561 956 2604 sese
979 2547 1081 2606 mente
1105 2544 1246 2623 superba,

357 2639 427 2704 140.
445 2642 604 2706 laetanter
627 2646 835 2725 subjectorum
857 2666 972 2710 cuneos
994 2647 1177 2729 populorum

441 2744 545 2828 Ipsius
568 2749 723 2828 obsequiis
745 2769 861 2829 cogens
883 2752 1083 2814 succumbere
1107 2748 1202 2824 duris,

441 2847 491 2923 Iit,
515 2852 619 2931 spreto
641 2851 764 2932 penitus
786 2853 907 2934 patriae
930 2853 1073 2916 coelestis
1095 2853 1220 2924 honore,

440 2949 610 3016 Terrestris
632 2957 752 3016 tantum
773 2975 901 3037 pompae
923 2960 1067 3018 versatur
1090 2973 1200 3017 amore.

442 3050 580 3136 Cumque
603 3055 657 3118 diu
676 3058 783 3118 uacuis
805 3058 939 3120 inhiaret
960 3077 1092 3139 namque
1113 3057 1233 3118 lucellis

355 3152 548 3237 libatque,
570 3163 713 3222 monente
736 3179 841 3239 mago,
863 3181 1032 3240 numquam
1051 3163 1203 3234 cessaret,
1225 3159 1340 3240 iniquo,

442 3258 545 3324 Saeve
565 3263 750 3343 multiplices
773 3265 901 3325 satanae
922 3264 1103 3344 persolvere
1125 3265 1241 3342 grates,

439 3359 490 3423 Ex
512 3366 599 3444 cujus
620 3365 719 3446 largis
740 3367 872 3430 credidit
892 3367 1081 3428 solummodo
1103 3366 1190 3426 donis

436 3463 617 3530 Accessisse
639 3469 763 3550 quidem
783 3473 901 3532 tantam
922 3470 980 3530 sibi
1001 3471 1247 3550 prosperitatem,

438 3565 576 3631 Tandem
598 3573 742 3634 coelestis
763 3573 863 3653 pietas
885 3573 1024 3634 inmensa
1046 3572 1193 3653 parentis,

352 3665 421 3730 150.
441 3670 504 3741 Qui
524 3687 691 3752 numquam
712 3675 797 3756 cupit
816 3676 974 3736 interitum
995 3677 1185 3755 mortemque
1205 3693 1336 3748 reorum,

436 3769 500 3836 Sed
521 3792 613 3854 mage
636 3778 795 3838 conversis
818 3778 931 3838 laetam
952 3777 1123 3838 concedere
1144 3777 1248 3852 vitam,

435 3873 605 3952 Condoluit,
629 3878 703 3942 faeti
725 3878 868 3942 meritum
889 3879 1010 3961 perisse
1031 3879 1166 3960 benigni,

358 3977 538 3988 *nunna—0·-

377 4008 577 4063 tibaguuine,
595 4009 639 4066 Μ.;
660 4011 681 4052 in
696 4011 721 4056 Ρ.
736 4025 770 4053 am
784 4009 859 4054 hurle
877 4012 1010 4058 verbenam.
1041 4021 1085 4062 1¹25.
1101 4019 1233 4075 dederat,
1254 4021 1295 4062 das
1309 4022 1330 4063 ln
1346 4021 1378 4067 Μ.

446 4089 469 4122 u.
486 4079 509 4121 P.
524 4078 594 4134 iabit,
609 4081 685 4121 surde
698 4081 768 4121 atlrcn
789 4093 831 4124 von
847 4083 921 4124 celtes
937 4087 1114 4140 rufgenommen.
1146 4089 1191 4131 131.
1206 4092 1217 4141 (
1232 4091 1243 4144 )
1258 4095 1334 4143 sera,
1353 4091 1377 4134 C.

248 4161 250 4166 ·
375 4188 377 4194 ,
438 4146 578 4202 Paets‚S.
615 4149 845 4207 rte.oemr‚tl.;
878 4157 1022 4208 cessavit,
1045 4155 1068 4199 c.
1089 4155 1378 4211 u.S.;lnP.rerbeaaert

435 4215 457 4262 ΙΙ
474 4223 620 4262 cessaret.
652 4220 695 4264 lea.
712 4221 850 4280 perlisse,
865 4222 888 4264 C.
904 4236 926 4270 u.
943 4221 966 4266 S.
