3144 4888
758 449 1002 518 ..160-

758 623 1009 690 Gallicanus.

369 729 495 805 Fateor,
513 729 720 790 sacratissime
741 729 917 810 imperator,
936 730 1046 806 iturus,
1057 732 1093 792 ut
1114 732 1263 812 objecisti,
1286 735 1405 797 sacella

375 833 492 894 intravi
512 851 623 911 meque
645 830 812 892 daemoniis
834 835 867 892 et
888 831 946 892 diis
969 833 1103 913 supplex
1125 834 1269 896 commisi

730 932 1034 996 Constantinus.

365 1036 439 1098 Hoc
459 1035 608 1098 Romanis
629 1037 797 1118 antiquitus
819 1037 877 1097 fuit
899 1036 931 1096 in
952 1057 1046 1099 more.

757 1137 1008 1201 Gallicanus.

364 1240 450 1304 Mala
473 1244 671 1306 consuetudo.

727 1344 1031 1408 Constantinus.

363 1449 511 1512 Pessima.

752 1549 1003 1614 Gallicanus.

365 1657 436 1728 Quo
447 1654 632 1738 peracto,⁴¹)
651 1655 766 1717 tribuni
777 1673 847 1716 cum
857 1655 922 1716 suis
932 1656 1105 1736 legionssrus
1116 1657 1274 1718 advenere
1285 1678 1398 1739 meque

364 1763 491 1821 euntem
511 1760 738 1840 undiquesecus
760 1778 896 1838 sepsere.

724 1858 1033 1922 Constantinus.

360 1964 511 2045 Pomposo
534 1964 698 2027 admodum
720 1965 872 2045 apparatu
895 1963 1115 2042 egrediebaris.

752 2062 1002 2126 Gallicanus.

359 2169 580 2244 Promovimus,
602 2168 707 2230 hostes
731 2166 923 2248 impegimus,
946 2169 1159 2246 commisimus,
1178 2170 1254 2232 victi
1275 2191 1390 2234 sumus.

727 2268 1035 2333 Constantinus.

330 2337 335 2342 ’
360 2374 493 2436 noman
513 2374 611 2437 vicu?

750 2475 1001 2540 Gallicanus.

360 2581 499 2645 Penitus.

728 2665 1028 2730 Constantinus.

360 2768 386 2832 Ο
408 2790 461 2831 res
484 2770 553 2831 dira
574 2770 775 2850 ommtrnsque
797 2770 889 2830 seclis
910 2769 1065 2829 inaudita!

752 2869 1001 2933 Gallicanus.

358 2973 428 3054 Ego
450 2975 573 3054 quidem
593 2975 730 3036 nefanda
750 2974 900 3036 sacrificia
921 2974 1050 3048 iteravi,
1078 2993 1138 3034 nec
1165 2974 1310 3048 aderant,
1340 2974 1395 3053 qui

358 3077 546 3158 adjuvarent
568 3078 619 3151 dii,
642 3077 699 3137 sed
720 3076 932 3137 invalescente
962 3076 1181 3154 congressione
1203 3076 1326 3157 plurimi
1348 3095 1390 3137 ex

360 3180 474 3241 nostris
495 3179 652 3241 interiere.

727 3279 1029 3343 Constantinus.

360 3380 540 3445 Confundor
561 3384 723 3446 audiendo.

749 3485 1002 3549 Gallicanus.

358 3589 497 3650 Tandem
518 3590 633 3652 tribuni
654 3609 703 3651 me
725 3593 921 3672 spreverunt,
944 3610 979 3650 se
998 3590 1201 3651 tradiderunt

724 3690 1023 3755 Constantinus.

356 3794 532 3858 Hostibus?

747 3877 998 3942 Gallicanus.

357 3966 448 4050 Ipsis.

382 4151 421 4207 tr)
435 4156 535 4208 paeto,
549 4151 610 4198 S.u.
625 4145 671 4206 13.
