3080 4892
550 473 789 547 497.-

558 649 782 714 Matronae.

154 754 213 816 Vis
234 753 394 817 nobiseum
415 753 523 817 abire?

560 855 784 940 Sapientia.

154 943 290 1026 Minime.

559 1027 594 1090 M
605 1031 644 1091 at
652 1049 668 1090 r
677 1049 694 1094 o
702 1049 722 1090 ιι
731 1049 782 1092 aa.

154 1132 197 1196 Et
218 1132 293 1214 quid
314 1132 475 1196 meditaris
497 1132 620 1212 agore?

566 1234 783 1316 Sapientia

155 1337 218 1401 Hie
246 1357 424 1416 remunero,
454 1338 481 1400 si
508 1339 589 1402 forte
609 1339 716 1402 veniat
737 1357 807 1402 mea
828 1340 935 1422 petitio
958 1343 991 1404 et
1011 1338 1188 1424 impleatur,

156 1442 238 1522 quod
260 1442 412 1504 desidero.
829 1505 836 1518 ,

568 1526 786 1590 Matronae.
884 1612 886 1618 Ι

155 1631 239 1703 Quid
260 1632 366 1714 petis?
390 1625 473 1704 Quid
495 1631 678 1694 desideras?

143 1746 152 1756 ”
473 1763 477 1768 ’
566 1733 789 1817 Sapientia.

146 1835 195 1904 'Id
216 1837 415 1918 solummodo,
428 1840 473 1936 'ut
494 1838 631 1900 oratione
654 1839 806 1920 completa
827 1837 941 1900 moriar
961 1838 993 1900 in
1016 1835 1147 1902 Christo.

559 1939 780 2004 Matronae.
835 1999 836 2004 ,

156 2044 279 2122 Restat,
302 2023 346 2106 ιιι
360 2047 570 2127 expectemus,
593 2045 690 2107 donee
713 2047 745 2106 et
765 2047 798 2107 to
820 2045 999 2128 sepulturae
1023 2045 1190 2110 tradamus.
1226 2126 1228 2130 Ι
1349 2095 1352 2104 ,

562 2146 786 2229 Sapientia.
823 2201 826 2207 .

156 2249 202 2314 Ut
223 2250 307 2312 libet
349 2249 496 2332 Adonay,
518 2249 709 2327 Emmanuel,
732 2272 824 2332 quem
845 2254 930 2314 retro
951 2255 1091 2334 tempora
1113 2243 1195 2314 divi-¹

110 2435 113 2442 Ι
154 2354 237 2414 nitas
251 2353 361 2421 ,edidit
377 2352 605 2436 omniparentis
629 2356 713 2418 etin
735 2358 873 2437 tempore
895 2355 1111 2438 virginitasffl)
1134 2375 1188 2434 go·
1257 2349 1276 2372 “”

154 2457 223 2518 uuit
245 2439 361 2532 matris,-
384 2457 436 2537 qui
458 2477 500 2519 ex
522 2458 640 2520 duabus
662 2458 781 2519 naturis
804 2479 884 2519 uuus
901 2456 1042 2519 Christus
1062 2458 1188 2520 mirifico

143 2545 310 2636 'oonsistis
339 2580 398 2621 neo
431 2560 612 2622 diuersitate
645 2563 826 2622 naturarum
854 2561 1004 2622 unitatem
1035 2580 1188 2644 personae

153 2663 313 2738 dividens,
343 2658 402 2725 neo
434 2645 553 2726 unitate
584 2683 736 2746 personae
767 2664 980 2726 diversitatem
1008 2666 1189 2725 naturarum

152 2765 355 2840 confundens,
378 2766 433 2827 tibi
451 2766 564 2852 jubilet
581 2767 715 2848 joconda
737 2767 889 2829 serenitas
912 2767 1097 2846 angelorum
1118 2767 1206 2828 dul?
1320 2755 1323 2760 ’

152 2869 258 2948 aisque
282 2869 440 2932 harmonia
462 2868 607 2946 sidorum,
630 2879 662 2932 te
685 2891 806 2950 quoque
829 2870 985 2932 collaudet
1011 2869 1106 2931 totius
1129 2870 1188 2930 soi·

151 2971 221 3032 bilis
244 2972 291 3032 rei
313 2971 443 3033 scientia
466 2991 626 3053 omneque,
662 2973 743 3053 quod
766 2993 808 3034 ex
831 2974 1053 3035 elementorum
1075 2973 1187 3035 forma-

153 3077 204 3135 tur
233 3076 379 3150 materia,
410 3075 481 3154 quia
509 3077 558 3149 tu,
591 3077 642 3156 qui
675 3077 760 3139 solus
791 3069 860 3139 ou'm
887 3076 982 3138 Patre
1011 3079 1057 3138 et·
1071 3074 1187 3157 Spiritu

152 3179 259 3238 saneto
283 3197 317 3238 es
339 3177 438 3239 forma
460 3177 526 3238 siue
546 3179 678 3240 materia
701 3200 742 3259 ox
760 3181 862 3243 Patris
883 3181 1046 3243 voluntate
1068 3181 1100 3241 et
1119 3177 1186 3261 Spi-

93 3355 96 3364 .
151 3279 231 3340 ritus
260 3263 359 3341 sancti
381 3281 605 3362 cooperatione,
636 3301 698 3360 non
721 3283 868 3364 respuisti
889 3282 957 3343 fieri
978 3284 1067 3344 homo
1090 3282 1187 3365 passi-

156 3382 226 3444 bilis
248 3382 446 3459 humanitate,
469 3384 557 3444 salva
578 3380 748 3445 diuinitatis
769 3385 1014 3466 inpassibilitate‚
1027 3384 1067 3465 ⁰⁴)
1089 3388 1129 3458 et,
1152 3387 1188 3446 ut

151 3471 255 3546 nullus
277 3486 309 3547 iu
332 3489 363 3548 te
387 3487 577 3548 credentium
599 3487 730 3569 periret,
761 3488 816 3548 sad
846 3487 942 3548 omnis
964 3486 1064 3548 fidelis
1086 3493 1187 3548 aeter·

151 3589 265 3650 naliter
287 3590 418 3664 vireret,
437 3593 566 3656 mortem
581 3592 719 3678 nostram
733 3609 795 3652 uon
812 3588 1044 3678 dedignaturae
1058 3590 1187 3669 gustare

151 3693 267 3772 tuaque
301 3693 529 3754 resurreetione
560 3711 749 3755 consumere.
794 3693 839 3754 Te
872 3693 979 3767 etiam,
1011 3692 1186 3774 perfeetum

159 3794 261 3857 Deum
282 3796 496 3876 hominemque
519 3815 637 3872 verum,
648 3798 760 3885 recolo,
772 3796 949 3878 promisisse
972 3795 1119 3870 omuibus,
1135 3795 1188 3876 qui
1316 3841 1319 3848 .

156 3918 214 3980 pro
236 3899 282 3960 tui
303 3899 434 3962 nominis
456 3900 658 3962 veneratione
679 3901 732 3962 uel
750 3889 1004 3962 terrenaeus'um
1017 3896 1185 3981 possessio-

177 4117 216 4172 63)
226 4117 262 4172 M.
277 4118 316 4160 hut
330 4118 393 4160 nieht
405 4119 602 4176 virginitatis,
616 4133 637 4162 s.
648 4121 694 4176 Mg.
710 4133 731 4175 p.
746 4119 792 4166 446.
809 4120 874 4165 sun.
888 4129 909 4163 a.
936 4117 974 4174 64]
987 4117 1110 4176 divinitatis
1126 4127 1188 4172 paa-¹

231 4187 401 4242 nihilitate,
416 4188 440 4230 C.
454 4201 476 4233 u.
493 4187 516 4230 S.
581 4185 594 4219 '·
