3122 4894
542 443 781 530 -2252

580 636 750 701 Amicus,

149 738 226 803 Ideo
249 757 366 802 moram
392 739 471 816 ieci,
504 709 575 821 quia
603 744 635 802 te
665 741 808 819 ambigua
829 759 865 801 re
887 721 1054 802 sollicitari
1057 737 1097 824 θ’)
1118 759 1182 804 non

151 843 361 926 praesumpsi3
394 846 426 910 at
454 843 507 904 ubi
540 844 705 905 veritatem
725 843 929 924 investigavi,
958 845 1092 907 reditum
1118 864 1181 908 ma·

151 946 263 1008 turavi
285 974 289 982 ·
351 975 353 978 ’
576 987 578 994 ι

68 1073 74 1112 ;
212 1107 217 1115 ¹
562 1031 771 1094 Abraham

153 1114 296 1178 Vidistin’
318 1115 477 1179 Mariam?

309 1235 315 1250 ·
336 1247 337 1252 η
580 1201 750 1265 Amicus.

152 1287 234 1349 Vidi.

152 1457 236 1522 Ubi?

564 1374 769 1436 Abraham.

581 1545 751 1608 Amicus.

153 1647 225 1718 Qua
236 1647 276 1729 ³³)
300 1647 385 1710 dictu
407 1649 598 1710 miserabile!

563 1767 769 1830 Abraham.

151 1853 217 1930 Dic,
241 1855 381 1916 obsecro.

582 1939 751 2001 Amicus.

150 2043 190 2104 In
214 2043 302 2104 domo
318 2037 478 2124 cujusdam
493 2041 612 2104 lenonis
634 2043 853 2104 habitationem
874 2043 978 2124 elegit,
994 2044 1046 2125 qui
1068 2045 1183 2108 tenello

151 2165 256 2207 amore
278 2146 362 2206 illam
396 2145 476 2208 colit.
519 2146 586 2208 Nec
608 2146 741 2224 frustra3
771 2165 842 2207 nam
864 2149 944 2208 omni
966 2147 1016 2208 die
1037 2125 1099 2210 non
1120 2169 1183 2211 mo-

152 2249 221 2310 dica
242 2243 288 2309 illi
309 2248 442 2328 pecunia
464 2249 502 2309 ab
526 2253 594 2330 ejus
616 2250 803 2312 amatoribus
826 2251 997 2312 adducitur.

561 2369 770 2431 Abraham.
823 2450 827 2460 Ι

152 2474 183 2536 A
203 2471 323 2534 Mariae
346 2472 558 2534 amatoribus?
622 2496 624 2500 ·

582 2592 752 2655 Amicus.

152 2680 201 2742 Ab
223 2679 307 2762 ipsis.

564 2764 772 2826 Abraham.

154 2865 217 2940 Qui
238 2870 312 2930 sunt
334 2869 401 2951 ejus
424 2869 602 2930 amatores?

583 2987 753 3051 Amicus.

152 3071 331 3158 Perplures.

564 3160 772 3225 Abraham.

85 3243 88 3247 ’
152 3261 192 3326 Εἰ
216 3264 298 3338 mibi,
322 3283 339 3326 o
360 3267 440 3326 bone
463 3263 555 3326 Jesn!
578 3263 663 3334 Quid
682 3265 741 3326 hoc
762 3261 892 3328 monstri
914 3265 970 3342 est,
992 3263 1074 3346 quod
1096 3263 1185 3344 hano,

156 3383 251 3447 quam
273 3365 328 3429 tibi
350 3387 493 3450 sponsam
514 3367 639 3441 nutrivi,
662 3366 779 3428 alienos
802 3370 955 3452 amatores
977 3368 1067 3430 audio
1090 3371 1186 3450 sequi.

587 3486 758 3548 Amicus.

153 3591 226 3654 Hoc
247 3592 462 3654 meretricibus
492 3591 662 3672 antiquitus
684 3586 743 3650 fuit
763 3587 795 3650 in
817 3607 919 3666 more,
947 3591 983 3650 ut
1011 3588 1111 3652 alieno
1133 3589 1186 3652 de·

153 3695 344 3758 luctarentur
364 3696 396 3757 in
407 3695 449 3777 ³⁴)
471 3713 584 3758 amore.

564 3814 770 3876 Abraham.
1087 3869 1089 3876 ,

152 3917 241 3982 Affer
275 3883 358 3982 mihi
381 3919 561 4002 sonipedem
589 3917 755 3978 delicatum
788 3918 820 3977 et
850 3916 1013 3979 militarem
1042 3915 1187 3994 habitum,

179 4149 533 4240 amarissimorum.
557 4148 773 4214 adstabimus.
800 4151 837 4208 Μ)
855 4145 1108 4270 Ιπ,ῐι1ι11ά5110.ι.8.
1158 4200 1159 4204 ¹
