<?xml version="1.0" encoding="UTF-8"?>
<!DOCTYPE html PUBLIC "-//W3C//DTD XHTML 1.0 Transitional//EN"
    "http://www.w3.org/TR/xhtml1/DTD/xhtml1-transitional.dtd">
<html xmlns="http://www.w3.org/1999/xhtml" xml:lang="en" lang="en">
 <head>
  <title>
</title>
<meta http-equiv="Content-Type" content="text/html;charset=utf-8" />
  <meta name='ocr-system' content='tesseract 3.04.00' />
  <meta name='ocr-capabilities' content='ocr_page ocr_carea ocr_par ocr_line ocrx_word'/>
</head>
<body>
  <div class='ocr_page' id='page_1' title='image "./diewerkederhrot00hrotgoog_0412.png"; bbox 0 0 3080 4892; ppageno 0'>
   <div class='ocr_carea' id='block_1_1' title="bbox 562 393 801 462">
    <p class='ocr_par' dir='ltr' id='par_1_1' title="bbox 562 393 801 462">
     <span class='ocr_line' id='line_1_1' title="bbox 562 393 801 462; baseline 0.008 -18"><span class='ocrx_word' id='word_1_1' title='bbox 562 393 801 462; x_wconf 76' lang='lat'><strong>..343-</strong></span> 
     </span>
    </p>
   </div>
   <div class='ocr_carea' id='block_1_2' title="bbox 158 568 1194 3758">
    <p class='ocr_par' dir='ltr' id='par_1_2' title="bbox 158 568 1194 3758">
     <span class='ocr_line' id='line_1_2' title="bbox 245 568 1024 653; baseline -0.003 -16"><span class='ocrx_word' id='word_1_2' title='bbox 245 574 334 637; x_wconf 88' lang='lat' dir='ltr'>Haec</span> <span class='ocrx_word' id='word_1_3' title='bbox 355 569 453 652; x_wconf 80' lang='lat' dir='ltr'>igitur</span> <span class='ocrx_word' id='word_1_4' title='bbox 474 568 585 633; x_wconf 91' lang='lat' dir='ltr'>modici</span> <span class='ocrx_word' id='word_1_5' title='bbox 606 569 797 634; x_wconf 86' lang='lat' dir='ltr'>demonstrat</span> <span class='ocrx_word' id='word_1_6' title='bbox 817 569 933 653; x_wconf 79' lang='lat' dir='ltr'>pagine</span> <span class='ocrx_word' id='word_1_7' title='bbox 953 571 1024 635; x_wconf 84' lang='lat' dir='ltr'>libri</span> 
     </span>
     <span class='ocr_line' id='line_1_3' title="bbox 249 674 1129 756; baseline 0 -16"><span class='ocrx_word' id='word_1_8' title='bbox 249 677 386 752; x_wconf 85' lang='lat' dir='ltr'>Plenius,</span> <span class='ocrx_word' id='word_1_9' title='bbox 410 696 427 736; x_wconf 88' lang='lat' dir='ltr'>e</span> <span class='ocrx_word' id='word_1_10' title='bbox 450 674 551 735; x_wconf 89' lang='lat' dir='ltr'>causis</span> <span class='ocrx_word' id='word_1_11' title='bbox 571 693 678 734; x_wconf 89' lang='lat' dir='ltr'>rerum</span> <span class='ocrx_word' id='word_1_12' title='bbox 700 693 790 755; x_wconf 89' lang='lat' dir='ltr'>quem</span> <span class='ocrx_word' id='word_1_13' title='bbox 812 675 990 756; x_wconf 88' lang='lat' dir='ltr'>scripsimus</span> <span class='ocrx_word' id='word_1_14' title='bbox 1011 676 1129 740; x_wconf 87' lang='lat' dir='ltr'>herum.</span> 
     </span>
     <span class='ocr_line' id='line_1_4' title="bbox 288 777 1084 860; baseline -0.001 -17"><span class='ocrx_word' id='word_1_15' title='bbox 288 780 379 843; x_wconf 87' lang='lat' dir='ltr'>Nunc</span> <span class='ocrx_word' id='word_1_16' title='bbox 401 778 442 840; x_wconf 90' lang='lat' dir='ltr'>ad</span> <span class='ocrx_word' id='word_1_17' title='bbox 463 797 541 859; x_wconf 78' lang='lat' dir='ltr'>opus</span> <span class='ocrx_word' id='word_1_18' title='bbox 563 780 706 858; x_wconf 89' lang='lat' dir='ltr'>coeptum</span> <span class='ocrx_word' id='word_1_19' title='bbox 727 777 840 840; x_wconf 88' lang='lat' dir='ltr'>devote</span> <span class='ocrx_word' id='word_1_20' title='bbox 862 778 1084 860; x_wconf 88' lang='lat' dir='ltr'>perficiendum</span> 
     </span>
     <span class='ocr_line' id='line_1_5' title="bbox 158 881 992 961; baseline -0.006 -12"><span class='ocrx_word' id='word_1_21' title='bbox 158 884 210 949; x_wconf 89' lang='lat'>90.</span> <span class='ocrx_word' id='word_1_22' title='bbox 244 884 302 947; x_wconf 87' lang='lat' dir='ltr'>Est</span> <span class='ocrx_word' id='word_1_23' title='bbox 324 881 553 944; x_wconf 81' lang='lat' dir='ltr'>convertendus</span> <span class='ocrx_word' id='word_1_24' title='bbox 575 881 677 961; x_wconf 78' lang='lat' dir='ltr'><strong>stylus</strong></span> <span class='ocrx_word' id='word_1_25' title='bbox 699 883 805 944; x_wconf 88' lang='lat' dir='ltr'>noster</span> <span class='ocrx_word' id='word_1_26' title='bbox 827 881 992 944; x_wconf 88' lang='lat' dir='ltr'>studiosus.</span> 
     </span>
     <span class='ocr_line' id='line_1_6' title="bbox 244 983 974 1050; baseline -0.007 0"><span class='ocrx_word' id='word_1_27' title='bbox 244 987 305 1050; x_wconf 86' lang='lat' dir='ltr'>Ast</span> <span class='ocrx_word' id='word_1_28' title='bbox 327 986 380 1049; x_wconf 93' lang='lat' dir='ltr'>ubi</span> <span class='ocrx_word' id='word_1_29' title='bbox 401 983 546 1046; x_wconf 85' lang='lat' dir='ltr'>Liudulfo</span> <span class='ocrx_word' id='word_1_30' title='bbox 569 983 673 1046; x_wconf 82' lang='lat' dir='ltr'>fueret</span> <span class='ocrx_word' id='word_1_31' title='bbox 694 983 882 1046; x_wconf 81' lang='lat' dir='ltr'>venerabilis</span> <span class='ocrx_word' id='word_1_32' title='bbox 905 983 974 1046; x_wconf 84' lang='lat' dir='ltr'>Ode</span> 
     </span>
     <span class='ocr_line' id='line_1_7' title="bbox 245 1086 921 1168; baseline -0.007 -15"><span class='ocrx_word' id='word_1_33' title='bbox 245 1091 387 1154; x_wconf 79' lang='lat' dir='ltr'>Foedere</span> <span class='ocrx_word' id='word_1_34' title='bbox 408 1087 503 1167; x_wconf 80' lang='lat' dir='ltr'>legali</span> <span class='ocrx_word' id='word_1_35' title='bbox 525 1087 697 1168; x_wconf 79' lang='lat' dir='ltr'>conjunctu,</span> <span class='ocrx_word' id='word_1_36' title='bbox 721 1107 776 1149; x_wconf 88' lang='lat' dir='ltr'>suo</span> <span class='ocrx_word' id='word_1_37' title='bbox 798 1086 921 1164; x_wconf 89' lang='lat' dir='ltr'>seniori,</span> 
     </span>
     <span class='ocr_line' id='line_1_8' title="bbox 244 1191 988 1272; baseline -0.003 -17"><span class='ocrx_word' id='word_1_38' title='bbox 244 1193 333 1255; x_wconf 91' lang='lat' dir='ltr'>Inter</span> <span class='ocrx_word' id='word_1_39' title='bbox 354 1193 510 1254; x_wconf 87' lang='lat' dir='ltr'>nostrates</span> <span class='ocrx_word' id='word_1_40' title='bbox 532 1191 663 1252; x_wconf 88' lang='lat' dir='ltr'>celebris</span> <span class='ocrx_word' id='word_1_41' title='bbox 684 1191 862 1272; x_wconf 79' lang='lat' dir='ltr'><strong>profecerat</strong></span> <span class='ocrx_word' id='word_1_42' title='bbox 883 1211 988 1253; x_wconf 90' lang='lat' dir='ltr'>omues</span> 
     </span>
     <span class='ocr_line' id='line_1_9' title="bbox 246 1293 1026 1376; baseline -0.003 -18"><span class='ocrx_word' id='word_1_43' title='bbox 246 1296 386 1358; x_wconf 87' lang='lat' dir='ltr'>Moribus</span> <span class='ocrx_word' id='word_1_44' title='bbox 409 1295 441 1357; x_wconf 88' lang='lat' dir='ltr'>et</span> <span class='ocrx_word' id='word_1_45' title='bbox 463 1293 563 1370; x_wconf 88' lang='lat' dir='ltr'>sectis,</span> <span class='ocrx_word' id='word_1_46' title='bbox 585 1294 696 1356; x_wconf 82' lang='lat' dir='ltr'>callem</span> <span class='ocrx_word' id='word_1_47' title='bbox 718 1294 864 1374; x_wconf 89' lang='lat' dir='ltr'>gradiens</span> <span class='ocrx_word' id='word_1_48' title='bbox 886 1295 1026 1376; x_wconf 77' lang='lat' dir='ltr'>pietatis3</span> 
     </span>
     <span class='ocr_line' id='line_1_10' title="bbox 159 1397 1050 1480; baseline -0.006 -15"><span class='ocrx_word' id='word_1_49' title='bbox 159 1399 211 1465; x_wconf 89' lang='lat'>95.</span> <span class='ocrx_word' id='word_1_50' title='bbox 244 1400 460 1480; x_wconf 84' lang='lat' dir='ltr'>Exemploque</span> <span class='ocrx_word' id='word_1_51' title='bbox 483 1415 557 1458; x_wconf 83' lang='lat' dir='ltr'>suae</span> <span class='ocrx_word' id='word_1_52' title='bbox 579 1397 690 1459; x_wconf 82' lang='lat' dir='ltr'>vivens</span> <span class='ocrx_word' id='word_1_53' title='bbox 712 1399 821 1460; x_wconf 90' lang='lat' dir='ltr'>matris</span> <span class='ocrx_word' id='word_1_54' title='bbox 841 1399 1050 1476; x_wconf 79' lang='lat' dir='ltr'>venerandae,</span> 
     </span>
     <span class='ocr_line' id='line_1_11' title="bbox 246 1501 1047 1584; baseline -0.004 -17"><span class='ocrx_word' id='word_1_55' title='bbox 246 1505 287 1568; x_wconf 85' lang='lat' dir='ltr'>Se</span> <span class='ocrx_word' id='word_1_56' title='bbox 309 1505 405 1566; x_wconf 81' lang='lat' dir='ltr'>totum</span> <span class='ocrx_word' id='word_1_57' title='bbox 426 1501 556 1564; x_wconf 91' lang='lat' dir='ltr'>Domino</span> <span class='ocrx_word' id='word_1_58' title='bbox 578 1501 813 1564; x_wconf 87' lang='lat' dir='ltr'>commendebat</span> <span class='ocrx_word' id='word_1_59' title='bbox 832 1521 927 1584; x_wconf 91' lang='lat' dir='ltr'>prece</span> <span class='ocrx_word' id='word_1_60' title='bbox 950 1522 1047 1580; x_wconf 85' lang='lat' dir='ltr'>sacre,</span> 
     </span>
     <span class='ocr_line' id='line_1_12' title="bbox 246 1604 1091 1672; baseline -0.004 -1"><span class='ocrx_word' id='word_1_61' title='bbox 246 1607 346 1672; x_wconf 86' lang='lat' dir='ltr'>Corde</span> <span class='ocrx_word' id='word_1_62' title='bbox 368 1610 480 1668; x_wconf 89' lang='lat' dir='ltr'>tenens</span> <span class='ocrx_word' id='word_1_63' title='bbox 501 1604 608 1666; x_wconf 87' lang='lat' dir='ltr'>metris</span> <span class='ocrx_word' id='word_1_64' title='bbox 630 1604 778 1666; x_wconf 91' lang='lat' dir='ltr'>monitum</span> <span class='ocrx_word' id='word_1_65' title='bbox 800 1606 928 1667; x_wconf 74' lang='lat' dir='ltr'>oleastri</span> <span class='ocrx_word' id='word_1_66' title='bbox 949 1606 1091 1668; x_wconf 83' lang='lat' dir='ltr'>faciendi.</span> 
     </span>
     <span class='ocr_line' id='line_1_13' title="bbox 244 1707 1000 1788; baseline -0.001 -15"><span class='ocrx_word' id='word_1_67' title='bbox 244 1711 327 1774; x_wconf 89' lang='lat' dir='ltr'>Hinc</span> <span class='ocrx_word' id='word_1_68' title='bbox 348 1729 421 1772; x_wconf 89' lang='lat' dir='ltr'>nam</span> <span class='ocrx_word' id='word_1_69' title='bbox 442 1708 577 1788; x_wconf 81' lang='lat' dir='ltr'>legalem</span> <span class='ocrx_word' id='word_1_70' title='bbox 597 1728 659 1770; x_wconf 91' lang='lat' dir='ltr'>non</span> <span class='ocrx_word' id='word_1_71' title='bbox 681 1725 753 1769; x_wconf 86' lang='lat' dir='ltr'>raro</span> <span class='ocrx_word' id='word_1_72' title='bbox 775 1707 825 1769; x_wconf 89' lang='lat' dir='ltr'>sui</span> <span class='ocrx_word' id='word_1_73' title='bbox 847 1708 1000 1772; x_wconf 82' lang='lat' dir='ltr'>seniorem</span> 
     </span>
     <span class='ocr_line' id='line_1_14' title="bbox 197 1811 933 1887; baseline -0.007 -10"><span class='ocrx_word' id='word_1_74' title='bbox 197 1839 204 1867; x_wconf 69' lang='grc' dir='ltr'><strong>ι</strong></span> <span class='ocrx_word' id='word_1_75' title='bbox 245 1815 478 1877; x_wconf 86' lang='lat' dir='ltr'>Exhortabetur</span> <span class='ocrx_word' id='word_1_76' title='bbox 499 1812 620 1874; x_wconf 80' lang='lat' dir='ltr'>blandis</span> <span class='ocrx_word' id='word_1_77' title='bbox 641 1811 768 1872; x_wconf 90' lang='lat' dir='ltr'>nimium</span> <span class='ocrx_word' id='word_1_78' title='bbox 789 1811 933 1887; x_wconf 88' lang='lat' dir='ltr'>suadelis,</span> 
     </span>
     <span class='ocr_line' id='line_1_15' title="bbox 161 1915 983 1997; baseline -0.009 -14"><span class='ocrx_word' id='word_1_79' title='bbox 161 1917 230 1983; x_wconf 89' lang='lat'>100.</span> <span class='ocrx_word' id='word_1_80' title='bbox 245 1919 288 1984; x_wconf 90' lang='lat' dir='ltr'>Ut</span> <span class='ocrx_word' id='word_1_81' title='bbox 310 1919 349 1980; x_wconf 90' lang='lat' dir='ltr'>de</span> <span class='ocrx_word' id='word_1_82' title='bbox 371 1935 519 1997; x_wconf 84' lang='lat' dir='ltr'>gazarum</span> <span class='ocrx_word' id='word_1_83' title='bbox 541 1915 767 1978; x_wconf 70' lang='lat' dir='ltr'>construxisset</span> <span class='ocrx_word' id='word_1_84' title='bbox 787 1915 983 1996; x_wconf 81' lang='lat' dir='ltr'>propriarum</span> 
     </span>
     <span class='ocr_line' id='line_1_16' title="bbox 247 2018 1017 2103; baseline -0.005 -19"><span class='ocrx_word' id='word_1_85' title='bbox 247 2022 378 2103; x_wconf 80' lang='lat' dir='ltr'>Sumptn</span> <span class='ocrx_word' id='word_1_86' title='bbox 400 2020 579 2082; x_wconf 90' lang='lat' dir='ltr'>coenobium</span> <span class='ocrx_word' id='word_1_87' title='bbox 602 2018 715 2079; x_wconf 91' lang='lat' dir='ltr'>divinis</span> <span class='ocrx_word' id='word_1_88' title='bbox 737 2018 880 2080; x_wconf 89' lang='lat' dir='ltr'>laudibus</span> <span class='ocrx_word' id='word_1_89' title='bbox 903 2021 1017 2100; x_wconf 81' lang='lat' dir='ltr'>aptum,</span> 
     </span>
     <span class='ocr_line' id='line_1_17' title="bbox 246 2121 999 2206; baseline -0.003 -18"><span class='ocrx_word' id='word_1_90' title='bbox 246 2125 285 2188; x_wconf 89' lang='lat' dir='ltr'>Iu</span> <span class='ocrx_word' id='word_1_91' title='bbox 308 2145 368 2206; x_wconf 92' lang='lat' dir='ltr'>quo</span> <span class='ocrx_word' id='word_1_92' title='bbox 390 2124 560 2184; x_wconf 80' lang='lat' dir='ltr'>sacrandae</span> <span class='ocrx_word' id='word_1_93' title='bbox 582 2121 711 2184; x_wconf 91' lang='lat' dir='ltr'>Domino</span> <span class='ocrx_word' id='word_1_94' title='bbox 733 2123 888 2184; x_wconf 83' lang='lat' dir='ltr'>velamine</span> <span class='ocrx_word' id='word_1_95' title='bbox 911 2141 999 2186; x_wconf 86' lang='lat' dir='ltr'>sacro</span> 
     </span>
     <span class='ocr_line' id='line_1_18' title="bbox 244 2227 1000 2310; baseline -0.003 -20"><span class='ocrx_word' id='word_1_96' title='bbox 244 2229 414 2290; x_wconf 82' lang='lat' dir='ltr'>Fiuetenus</span> <span class='ocrx_word' id='word_1_97' title='bbox 437 2229 542 2288; x_wconf 86' lang='lat' dir='ltr'>oestee</span> <span class='ocrx_word' id='word_1_98' title='bbox 564 2231 691 2307; x_wconf 90' lang='lat' dir='ltr'>possent</span> <span class='ocrx_word' id='word_1_99' title='bbox 713 2227 854 2289; x_wconf 86' lang='lat' dir='ltr'>habitere</span> <span class='ocrx_word' id='word_1_100' title='bbox 876 2229 1000 2310; x_wconf 88' lang='lat' dir='ltr'>puellee</span> 
     </span>
     <span class='ocr_line' id='line_1_19' title="bbox 244 2328 1032 2413; baseline -0.001 -19"><span class='ocrx_word' id='word_1_101' title='bbox 244 2331 349 2413; x_wconf 82' lang='lat' dir='ltr'>Atque</span> <span class='ocrx_word' id='word_1_102' title='bbox 371 2349 486 2392; x_wconf 83' lang='lat' dir='ltr'>vacere</span> <span class='ocrx_word' id='word_1_103' title='bbox 508 2329 557 2391; x_wconf 92' lang='lat' dir='ltr'>sui</span> <span class='ocrx_word' id='word_1_104' title='bbox 578 2328 678 2391; x_wconf 82' lang='lat' dir='ltr'>suncti</span> <span class='ocrx_word' id='word_1_105' title='bbox 699 2329 896 2391; x_wconf 84' lang='lat' dir='ltr'>famulamine</span> <span class='ocrx_word' id='word_1_106' title='bbox 919 2329 1032 2413; x_wconf 81' lang='lat' dir='ltr'>sponsi</span> 
     </span>
     <span class='ocr_line' id='line_1_20' title="bbox 161 2431 965 2515; baseline -0.006 -16"><span class='ocrx_word' id='word_1_107' title='bbox 161 2433 231 2500; x_wconf 81' lang='lat'>105.</span> <span class='ocrx_word' id='word_1_108' title='bbox 243 2435 303 2497; x_wconf 90' lang='lat' dir='ltr'>His</span> <span class='ocrx_word' id='word_1_109' title='bbox 326 2455 401 2515; x_wconf 83' lang='lat' dir='ltr'>ergo</span> <span class='ocrx_word' id='word_1_110' title='bbox 423 2433 545 2498; x_wconf 90' lang='lat' dir='ltr'>monitis</span> <span class='ocrx_word' id='word_1_111' title='bbox 567 2431 616 2494; x_wconf 82' lang='lat' dir='ltr'>vir</span> <span class='ocrx_word' id='word_1_112' title='bbox 638 2432 834 2494; x_wconf 88' lang='lat' dir='ltr'>coneedendo</span> <span class='ocrx_word' id='word_1_113' title='bbox 857 2432 965 2508; x_wconf 90' lang='lat' dir='ltr'>fidelis,</span> 
     </span>
     <span class='ocr_line' id='line_1_21' title="bbox 245 2536 1025 2620; baseline -0.004 -19"><span class='ocrx_word' id='word_1_114' title='bbox 245 2537 393 2620; x_wconf 82' lang='lat' dir='ltr'>Oonjugis</span> <span class='ocrx_word' id='word_1_115' title='bbox 414 2538 532 2600; x_wconf 82' lang='lat' dir='ltr'>electae</span> <span class='ocrx_word' id='word_1_116' title='bbox 553 2536 699 2618; x_wconf 84' lang='lat' dir='ltr'>precibus</span> <span class='ocrx_word' id='word_1_117' title='bbox 722 2541 923 2598; x_wconf 79' lang='lat' dir='ltr'>consenserat</span> <span class='ocrx_word' id='word_1_118' title='bbox 944 2538 1025 2619; x_wconf 90' lang='lat' dir='ltr'>apte,</span> 
     </span>
     <span class='ocr_line' id='line_1_22' title="bbox 243 2639 928 2705; baseline -0.004 0"><span class='ocrx_word' id='word_1_119' title='bbox 243 2642 292 2705; x_wconf 91' lang='lat' dir='ltr'>Ac</span> <span class='ocrx_word' id='word_1_120' title='bbox 314 2641 359 2704; x_wconf 90' lang='lat' dir='ltr'>sio</span> <span class='ocrx_word' id='word_1_121' title='bbox 381 2641 534 2704; x_wconf 86' lang='lat' dir='ltr'>communi</span> <span class='ocrx_word' id='word_1_122' title='bbox 555 2639 661 2702; x_wconf 89' lang='lat' dir='ltr'>similis</span> <span class='ocrx_word' id='word_1_123' title='bbox 685 2639 842 2702; x_wconf 90' lang='lat' dir='ltr'>conamine</span> <span class='ocrx_word' id='word_1_124' title='bbox 863 2640 928 2702; x_wconf 83' lang='lat' dir='ltr'>vot&#39;</span> 
     </span>
     <span class='ocr_line' id='line_1_23' title="bbox 244 2743 977 2826; baseline -0.003 -20"><span class='ocrx_word' id='word_1_125' title='bbox 244 2745 414 2806; x_wconf 87' lang='lat' dir='ltr'>Deservire</span> <span class='ocrx_word' id='word_1_126' title='bbox 436 2744 503 2807; x_wconf 89' lang='lat' dir='ltr'>Deo</span> <span class='ocrx_word' id='word_1_127' title='bbox 526 2746 695 2825; x_wconf 88' lang='lat' dir='ltr'>coeperunt</span> <span class='ocrx_word' id='word_1_128' title='bbox 716 2743 858 2826; x_wconf 88' lang='lat' dir='ltr'>protinus</span> <span class='ocrx_word' id='word_1_129' title='bbox 880 2745 977 2806; x_wconf 82' lang='lat' dir='ltr'>umbo.</span> 
     </span>
     <span class='ocr_line' id='line_1_24' title="bbox 246 2845 1051 2929; baseline -0.001 -20"><span class='ocrx_word' id='word_1_130' title='bbox 246 2848 324 2920; x_wconf 78' lang='lat' dir='ltr'>Quis</span> <span class='ocrx_word' id='word_1_131' title='bbox 347 2847 407 2910; x_wconf 87' lang='lat' dir='ltr'>fuit</span> <span class='ocrx_word' id='word_1_132' title='bbox 429 2845 580 2908; x_wconf 81' lang='lat' dir='ltr'>ecclesiae</span> <span class='ocrx_word' id='word_1_133' title='bbox 602 2848 756 2928; x_wconf 87' lang='lat' dir='ltr'>possessio</span> <span class='ocrx_word' id='word_1_134' title='bbox 780 2847 911 2928; x_wconf 89' lang='lat' dir='ltr'>denique</span> <span class='ocrx_word' id='word_1_135' title='bbox 933 2865 1051 2929; x_wconf 82' lang='lat' dir='ltr'>parvae</span> 
     </span>
     <span class='ocr_line' id='line_1_25' title="bbox 161 2948 1042 3033; baseline -0.003 -18"><span class='ocrx_word' id='word_1_136' title='bbox 161 2949 231 3015; x_wconf 92' lang='grc'><strong>110.</strong></span> <span class='ocrx_word' id='word_1_137' title='bbox 250 2952 349 3014; x_wconf 83' lang='lat' dir='ltr'>Trens</span> <span class='ocrx_word' id='word_1_138' title='bbox 372 2950 455 3031; x_wconf 88' lang='lat' dir='ltr'>ripes</span> <span class='ocrx_word' id='word_1_139' title='bbox 478 2948 608 3013; x_wconf 85' lang='lat' dir='ltr'>Gendee</span> <span class='ocrx_word' id='word_1_140' title='bbox 631 2969 726 3033; x_wconf 89' lang='lat' dir='ltr'>supre</span> <span class='ocrx_word' id='word_1_141' title='bbox 746 2953 892 3013; x_wconf 83' lang='lat' dir='ltr'>montena</span> <span class='ocrx_word' id='word_1_142' title='bbox 913 2951 1042 3027; x_wconf 85' lang='lat' dir='ltr'>locetee,</span> 
     </span>
     <span class='ocr_line' id='line_1_26' title="bbox 246 3054 1194 3119; baseline -0.001 0"><span class='ocrx_word' id='word_1_143' title='bbox 246 3055 338 3119; x_wconf 87' lang='lat' dir='ltr'>Unde</span> <span class='ocrx_word' id='word_1_144' title='bbox 367 3055 469 3116; x_wconf 90' lang='lat' dir='ltr'>locum</span> <span class='ocrx_word' id='word_1_145' title='bbox 498 3054 654 3117; x_wconf 89' lang='lat' dir='ltr'>celebrem</span> <span class='ocrx_word' id='word_1_146' title='bbox 680 3055 858 3119; x_wconf 83' lang='lat' dir='ltr'>vocitabant</span> <span class='ocrx_word' id='word_1_147' title='bbox 879 3054 1194 3119; x_wconf 85' lang='lat' dir='ltr'>Gendeshemensem.</span> 
     </span>
     <span class='ocr_line' id='line_1_27' title="bbox 245 3155 961 3238; baseline 0.007 -20"><span class='ocrx_word' id='word_1_148' title='bbox 245 3158 323 3234; x_wconf 89' lang='lat' dir='ltr'>Illic,</span> <span class='ocrx_word' id='word_1_149' title='bbox 348 3156 492 3237; x_wconf 88' lang='lat' dir='ltr'>obsequio</span> <span class='ocrx_word' id='word_1_150' title='bbox 514 3155 636 3218; x_wconf 91' lang='lat' dir='ltr'>Domini</span> <span class='ocrx_word' id='word_1_151' title='bbox 659 3159 753 3238; x_wconf 80' lang='lat' dir='ltr'>digne</span> <span class='ocrx_word' id='word_1_152' title='bbox 776 3159 961 3223; x_wconf 83' lang='lat' dir='ltr'>celebrando</span> 
     </span>
     <span class='ocr_line' id='line_1_28' title="bbox 245 3260 1010 3346; baseline 0 -22"><span class='ocrx_word' id='word_1_153' title='bbox 245 3261 327 3324; x_wconf 85' lang='lat' dir='ltr'>Dum</span> <span class='ocrx_word' id='word_1_154' title='bbox 347 3261 434 3323; x_wconf 90' lang='lat' dir='ltr'>locus</span> <span class='ocrx_word' id='word_1_155' title='bbox 455 3260 641 3340; x_wconf 78' lang='lat' dir='ltr'>investigari</span> <span class='ocrx_word' id='word_1_156' title='bbox 661 3265 768 3342; x_wconf 87' lang='lat' dir='ltr'>posset</span> <span class='ocrx_word' id='word_1_157' title='bbox 787 3263 886 3342; x_wconf 83' lang='lat' dir='ltr'>magis</span> <span class='ocrx_word' id='word_1_158' title='bbox 909 3265 1010 3346; x_wconf 85' lang='lat' dir='ltr'>aptus,</span> 
     </span>
     <span class='ocr_line' id='line_1_29' title="bbox 247 3363 933 3446; baseline -0.003 -19"><span class='ocrx_word' id='word_1_159' title='bbox 247 3363 405 3428; x_wconf 76' lang='lat' dir='ltr'>Communi</span> <span class='ocrx_word' id='word_1_160' title='bbox 425 3365 539 3426; x_wconf 83' lang='lat' dir='ltr'>multas</span> <span class='ocrx_word' id='word_1_161' title='bbox 561 3364 626 3426; x_wconf 85' lang='lat' dir='ltr'>vita</span> <span class='ocrx_word' id='word_1_162' title='bbox 644 3365 780 3446; x_wconf 89' lang='lat' dir='ltr'>junxere</span> <span class='ocrx_word' id='word_1_163' title='bbox 802 3364 933 3446; x_wconf 82' lang='lat' dir='ltr'>puellus,</span> 
     </span>
     <span class='ocr_line' id='line_1_30' title="bbox 162 3464 1027 3548; baseline -0.002 -18"><span class='ocrx_word' id='word_1_164' title='bbox 162 3464 232 3530; x_wconf 88' lang='lat'>115.</span> <span class='ocrx_word' id='word_1_165' title='bbox 247 3467 352 3548; x_wconf 83' lang='lat' dir='ltr'>Atque</span> <span class='ocrx_word' id='word_1_166' title='bbox 374 3470 423 3530; x_wconf 86' lang='lat' dir='ltr'>sui</span> <span class='ocrx_word' id='word_1_167' title='bbox 443 3473 548 3530; x_wconf 85' lang='lat' dir='ltr'>netem</span> <span class='ocrx_word' id='word_1_168' title='bbox 569 3469 778 3531; x_wconf 84' lang='lat' dir='ltr'>decreverunt</span> <span class='ocrx_word' id='word_1_169' title='bbox 798 3467 1027 3530; x_wconf 86' lang='lat' dir='ltr'>Hethnmodem</span> 
     </span>
     <span class='ocr_line' id='line_1_31' title="bbox 245 3571 1070 3652; baseline -0.001 -19"><span class='ocrx_word' id='word_1_170' title='bbox 245 3572 304 3633; x_wconf 84' lang='lat' dir='ltr'>His</span> <span class='ocrx_word' id='word_1_171' title='bbox 326 3571 433 3633; x_wconf 90' lang='lat' dir='ltr'>habitu</span> <span class='ocrx_word' id='word_1_172' title='bbox 455 3571 586 3634; x_wconf 91' lang='lat' dir='ltr'>similem</span> <span class='ocrx_word' id='word_1_173' title='bbox 607 3571 675 3633; x_wconf 88' lang='lat' dir='ltr'>fieri</span> <span class='ocrx_word' id='word_1_174' title='bbox 697 3571 871 3652; x_wconf 85' lang='lat' dir='ltr'>sociamque</span> <span class='ocrx_word' id='word_1_175' title='bbox 893 3591 1070 3652; x_wconf 83' lang='lat' dir='ltr'>perennem.</span> 
     </span>
     <span class='ocr_line' id='line_1_32' title="bbox 245 3675 1018 3758; baseline -0.005 -19"><span class='ocrx_word' id='word_1_176' title='bbox 245 3675 349 3757; x_wconf 89' lang='lat' dir='ltr'>thue</span> <span class='ocrx_word' id='word_1_177' title='bbox 369 3676 517 3757; x_wconf 79' lang='lat' dir='ltr'>puellaris</span> <span class='ocrx_word' id='word_1_178' title='bbox 539 3675 658 3738; x_wconf 81' lang='lat' dir='ltr'>rectrix</span> <span class='ocrx_word' id='word_1_179' title='bbox 680 3675 747 3736; x_wconf 87' lang='lat' dir='ltr'>fore</span> <span class='ocrx_word' id='word_1_180' title='bbox 769 3677 876 3758; x_wconf 87' lang='lat' dir='ltr'>posset</span> <span class='ocrx_word' id='word_1_181' title='bbox 897 3675 1018 3751; x_wconf 59' lang='lat' dir='ltr'>ovillus</span> 
     </span>
    </p>
   </div>
   <div class='ocr_carea' id='block_1_3' title="bbox 186 3909 1195 4178">
    <p class='ocr_par' dir='ltr' id='par_1_3' title="bbox 186 3909 1195 4178">
     <span class='ocr_line' id='line_1_33' title="bbox 186 3909 1194 3966; baseline 0.001 -11"><span class='ocrx_word' id='word_1_182' title='bbox 186 3913 219 3957; x_wconf 85' lang='lat' dir='ltr'>8¹l.</span> <span class='ocrx_word' id='word_1_183' title='bbox 235 3911 304 3965; x_wconf 82' lang='lat' dir='ltr'>linc,</span> <span class='ocrx_word' id='word_1_184' title='bbox 317 3912 371 3954; x_wconf 79' lang='lat' dir='ltr'>bein.</span> <span class='ocrx_word' id='word_1_185' title='bbox 398 3913 432 3956; x_wconf 82' lang='lat'>88.</span> <span class='ocrx_word' id='word_1_186' title='bbox 449 3909 581 3955; x_wconf 77' lang='lat' dir='ltr'>llretsvltbe</span> <span class='ocrx_word' id='word_1_187' title='bbox 599 3913 663 3954; x_wconf 82' lang='lat' dir='ltr'>welet</span> <span class='ocrx_word' id='word_1_188' title='bbox 677 3912 726 3955; x_wconf 79' lang='lat' dir='ltr'>bles·</span> <span class='ocrx_word' id='word_1_189' title='bbox 742 3912 828 3954; x_wconf 76' lang='lat' dir='ltr'>auilbr</span> <span class='ocrx_word' id='word_1_190' title='bbox 848 3922 936 3954; x_wconf 75' lang='lat' dir='ltr'>semen</span> <span class='ocrx_word' id='word_1_191' title='bbox 950 3913 977 3956; x_wconf 78' lang='lat' dir='ltr'>dc</span> <span class='ocrx_word' id='word_1_192' title='bbox 989 3913 1058 3966; x_wconf 69' lang='lat' dir='ltr'>gentle</span> <span class='ocrx_word' id='word_1_193' title='bbox 1069 3909 1167 3954; x_wconf 78' lang='lat' dir='ltr'>cedente</span> <span class='ocrx_word' id='word_1_194' title='bbox 1175 3911 1194 3957; x_wconf 86' lang='lat'>1.</span> 
     </span>
     <span class='ocr_line' id='line_1_34' title="bbox 238 3978 1194 4036; baseline 0.001 -14"><span class='ocrx_word' id='word_1_195' title='bbox 238 3981 284 4025; x_wconf 82' lang='lat' dir='ltr'>bie.</span> <span class='ocrx_word' id='word_1_196' title='bbox 307 3983 351 4025; x_wconf 80' lang='lat' dir='ltr'>ror.</span> <span class='ocrx_word' id='word_1_197' title='bbox 367 3984 494 4034; x_wconf 76' lang='lat' dir='ltr'>sumptu,</span> <span class='ocrx_word' id='word_1_198' title='bbox 510 3984 672 4036; x_wconf 80' lang='lat' dir='ltr'>promptus,</span> <span class='ocrx_word' id='word_1_199' title='bbox 684 3983 726 4036; x_wconf 81' lang='lat' dir='ltr'>Ap.</span> <span class='ocrx_word' id='word_1_200' title='bbox 745 3983 788 4025; x_wconf 74' lang='lat' dir='ltr'>rea</span> <span class='ocrx_word' id='word_1_201' title='bbox 803 3980 969 4036; x_wconf 81' lang='lat' dir='ltr'>peeent‚Ap.</span> <span class='ocrx_word' id='word_1_202' title='bbox 1000 3982 1043 4023; x_wconf 78' lang='grc'><strong>109.</strong></span> <span class='ocrx_word' id='word_1_203' title='bbox 1057 3978 1194 4034; x_wconf 52' lang='lat' dir='ltr'>fluendi.</span> 
     </span>
     <span class='ocr_line' id='line_1_35' title="bbox 241 4049 1193 4106; baseline 0 -14"><span class='ocrx_word' id='word_1_204' title='bbox 241 4052 284 4094; x_wconf 73' lang='lat'>113,</span> <span class='ocrx_word' id='word_1_205' title='bbox 299 4049 610 4106; x_wconf 74' lang='lat' dir='ltr'>aptum,ep.‚uek.u.1{.;</span> <span class='ocrx_word' id='word_1_206' title='bbox 626 4051 781 4104; x_wconf 78' lang='lat' dir='ltr'>lenus-aptus.</span> <span class='ocrx_word' id='word_1_207' title='bbox 812 4049 855 4096; x_wconf 74' lang='lat' dir='ltr'>tlt.</span> <span class='ocrx_word' id='word_1_208' title='bbox 870 4062 964 4092; x_wconf 83' lang='lat' dir='ltr'>cerem</span> <span class='ocrx_word' id='word_1_209' title='bbox 979 4052 1034 4091; x_wconf 77' lang='lat' dir='ltr'>etett</span> <span class='ocrx_word' id='word_1_210' title='bbox 1047 4050 1193 4105; x_wconf 82' lang='lat' dir='ltr'>communi,</span> 
     </span>
     <span class='ocr_line' id='line_1_36' title="bbox 237 4118 1195 4178; baseline 0.001 -17"><span class='ocrx_word' id='word_1_211' title='bbox 237 4119 296 4178; x_wconf 64' lang='grc' dir='ltr'>ΔΜ</span> <span class='ocrx_word' id='word_1_212' title='bbox 311 4120 390 4175; x_wconf 59' lang='lat' dir='ltr'>cem,</span> <span class='ocrx_word' id='word_1_213' title='bbox 405 4120 459 4166; x_wconf 76' lang='lat' dir='ltr'>bak.</span> <span class='ocrx_word' id='word_1_214' title='bbox 488 4121 533 4164; x_wconf 85' lang='grc'><strong>117.</strong></span> <span class='ocrx_word' id='word_1_215' title='bbox 546 4118 639 4175; x_wconf 82' lang='lat' dir='ltr'>Atque</span> <span class='ocrx_word' id='word_1_216' title='bbox 653 4120 769 4175; x_wconf 74' lang='lat' dir='ltr'>puellare,</span> <span class='ocrx_word' id='word_1_217' title='bbox 783 4120 826 4175; x_wconf 86' lang='lat' dir='ltr'>Ap.</span> <span class='ocrx_word' id='word_1_218' title='bbox 839 4133 860 4163; x_wconf 90' lang='lat' dir='ltr'>u.</span> <span class='ocrx_word' id='word_1_219' title='bbox 876 4119 944 4177; x_wconf 73' lang='lat' dir='ltr'>nek.;</span> <span class='ocrx_word' id='word_1_220' title='bbox 960 4119 1008 4162; x_wconf 78' lang='lat' dir='ltr'>lore</span> <span class='ocrx_word' id='word_1_221' title='bbox 1022 4121 1139 4174; x_wconf 73' lang='lat' dir='ltr'>restris,</span> <span class='ocrx_word' id='word_1_222' title='bbox 1152 4118 1195 4175; x_wconf 85' lang='lat' dir='ltr'>Ap.</span> 
     </span>
    </p>
   </div>
   <div class='ocr_carea' id='block_1_4' title="bbox 0 0 1551 4892">
    <p class='ocr_par' dir='ltr' id='par_1_4' title="bbox 0 0 1551 4892">
     <span class='ocr_line' id='line_1_37' title="bbox 0 0 1551 4892; baseline 0 0"><span class='ocrx_word' id='word_1_223' title='bbox 0 0 1551 4892; x_wconf 95' lang='lat' dir='ltr'> </span> 
     </span>
    </p>
   </div>
  </div>
 </body>
</html>
