3080 4892
539 475 777 546 ..nam

141 659 173 718 et
196 657 274 718 mira
296 654 403 717 mundi
425 655 551 716 artificis
573 651 718 730 seientia,
740 653 875 736 quinon
898 655 1010 729 solum,
1038 653 1070 716 iu
1091 651 1174 736 prin·

142 761 222 841 cipio
249 760 409 820 mnam
429 775 540 820 creatu
566 771 613 820 'ex
648 759 757 834 nihilo,
791 759 893 823 omnia
924 759 956 819 in
978 763 1113 822 'numero
1143 756 1176 820 a

140 882 288 924 mensura
311 869 342 924 et
364 863 501 943 pondere
532 864 650 943 posuit,
679 863 735 924 sed
764 862 857 925 etiam
883 863 915 923 in
942 855 1175 924 *succedendum

141 967 223 1028 serie
246 969 418 1046 temporum
441 969 473 1026 et
494 966 525 1027 in
548 965 700 1028 aetatibus
723 966 878 1028 hominum
898 966 1006 1026 miram
1022 964 1108 1026 dedit
1128 965 1173 1059 ἱιι-Ι

140 1069 295 1150 veniri²⁹j
317 1071 410 1150 posse
432 1065 592 1130 doiontiann
614 1069 733 1130 artium.
768 1067 770 1072 ’
943 1063 945 1070 ’
1122 1070 1125 1081 ’
1165 1068 1170 1087 ’

535 1172 778 1234 Hadrianus,

143 1276 206 1338 Diu
227 1277 259 1336 te
282 1276 414 1336 sustinui
434 1275 682 1374 ratiocinantem,
711 1295 770 1360 quo
792 1277 824 1342 te
846 1275 919 1337 mihi
942 1275 1098 1338 efficerem
1119 1276 1172 1338 ob·

144 1383 376 1460 temperantem.
464 1370 467 1384 '

546 1463 769 1547 Sapientia.
809 1485 816 1498 ·

141 1551 181 1612 In
203 1553 295 1632 quo?¹

541 1635 778 1701 Hadrianus.
912 1671 915 1684 ι

140 1741 179 1802 In
205 1741 327 1802 cultura
349 1739 484 1802 deorum.
803 1745 806 1750 '

547 1842 767 1926 Sapientia.

144 1947 184 2010 In
208 1948 266 2012 too
288 1946 396 2028 utiquo
416 1967 479 2012 non
496 1948 667 2012 <consentia

534 2051 778 2114 Hadrianus.

144 2154 178 2216 si
201 2154 355 2230 reniteris,
378 2155 537 2216 tormentis
560 2155 713 2220 afficieris.
736 2186 739 2195 .

545 2257 768 2340 Sapientia.

142 2345 265 2442 Corpus
294 2361 417 2440 qnidam
445 2361 603 2443 suppliciis
630 2363 791 2424 lacessere·
808 2360 940 2442 poteris,
962 2359 1018 2424 sod
1042 2358 1177 2424 animan

141 2462 180 2524 ad
204 2463 376 2528 cedendum
398 2465 583 2545 compellere
606 2485 666 2528 non
689 2463 892 2545 praevalebis.
922 2497 925 2504 ,

536 2567 774 2630 Antiochus.

139 2671 212 2731 Dies
236 2669 319 2742 abiit,
340 2689 404 2735 nox
425 2669 580 2745 incumbit
602 2690 663 2734 non
685 2674 734 2734 eet
755 2673 877 2754 tempus
892 2665 1089 2743 attenoan'di.
1103 2666 1175 2748 qua

139 2774 236 2836 instat
258 2773 333 2834 hora
356 2773 515 2834 coenandi.

90 2945 92 2949 Α
170 2939 173 2944 .
536 2875 779 2943 Hadrianus.

44 3055 47 3061 Ι
140 2981 178 3042 Iu
212 2980 382 3040 custodiam
406 2981 499 3061 juxta
529 2980 678 3061 palatium
705 2983 868 3062 ponantur,
897 2980 930 3042 ei
947 2977 1108 3046 triduanae
1130 2975 1178 3042 in·

144 3084 252 3144 duciae
275 3083 335 3143 illis
358 3083 399 3143 ad
420 3084 615 3148 tractandum
637 3087 843 3166 praestentur.
860 3121 871 3148 ·.

452 3225 457 3241 ¹
505 3202 780 3266 ·Antioohuo.
847 3246 849 3254 ι
954 3228 956 3235 ·

141 3307 314 3372 Observato
341 3309 433 3384 istas,
463 3329 480 3368 o
508 3307 630 3380 milites,
661 3308 741 3369 omni
771 3306 978 3368 sollicitudine
997 3305 1178 3386 nullamque

141 3413 201 3474 illis
226 3412 418 3474 occasionem
441 3411 594 3473 evadendi
617 3411 791 3490 relinquite.

558 3536 737 3560 ...φαμένη-’μι-
1001 3530 1067 3556 ¹¹)1
1159 3505 1177 3560 ,Ι

544 3651 767 3733 Sapientia.
1072 3656 1099 3684 '·
1165 3627 1181 3702 3¹

142 3758 167 3820 O
192 3758 299 3819 dulces
321 3757 444 3830 filiolae,
469 3776 485 3817 0
510 3775 601 3818 carae
623 3745 771 3838 pusiolae,
794 3753 889 3815 nolite
904 3770 997 3834 super
1010 3749 1175 3822 carceralis

141 3862 284 3941 angustia
312 3861 468 3921 custodiae
498 3849 688 3936 contristandi,
717 3859 812 3920 nolite
835 3854 1057 3918 imminentium
1086 3835 1178 3914 ininis'

141 3985 309 4046 poenarum
331 3963 451 4025 terreri.
1068 3967 1071 3974 '
1167 3959 1169 3965 '

141 4122 294 4130 -—-----a

166 4205 204 4256 29]
219 4203 367 4254 invenire,
386 4201 412 4244 G·
428 4213 450 4244 u.
466 4200 496 4245 S.'
