3144 4888
561 483 804 550 -1512

543 655 804 720 -Oonstentia

140 779 143 786 ›
167 739 238 802 Non
261 743 312 809 est
328 761 468 804 necasse.

534 843 834 910 Constantinus.
912 883 913 888 κ
1026 904 1029 914 ,

166 945 247 1007 Eam
270 948 301 1008 et
323 943 517 1012 Gallicanum
538 948 621 1010 laeta
642 950 843 1030 promissione
866 951 1112 1014 circumveniam.

557 1048 805 1115 Constantia.

169 1151 259 1212 Vade
279 1152 311 1212 in
332 1171 418 1234 pace,
440 1153 483 1213 mi
505 1154 640 1216 domine!
683 1179 688 1188 “

605 1293 760 1302 ———

557 1373 808 1440 Gallicanus
981 1445 985 1454 ,
1103 1445 1105 1452 ,

169 1479 352 1542 Ouriositate
372 1479 510 1558 frangar,
526 1499 542 1541 o
557 1481 721 1562 principes,
735 1461 907 1562 antequam,
924 1481 997 1561 qnid
1017 1480 1127 1564 mir'¹⁸)
1149 1503 1198 1544 se·

168 1583 235 1643 nior
257 1583 421 1662 Augustus
444 1583 582 1644 tamdiu
604 1604 673 1645 cum
694 1584 786 1645 herili
807 1585 870 1646 filia
891 1585 1150 1668 agatexperiar.

573 1685 795 1768 Principes.

169 1787 287 1850 Suadet
307 1787 352 1849 illi
372 1786 464 1863 velle,
488 1806 568 1868 qnae
591 1789 757 1852 desideras.

559 1888 811 1954 Gallicanus.

168 1994 195 2056 Ο
217 1994 336 2056 utinam
356 1994 554 2075 praevaleret
576 1995 693 2056 suasio!

573 2095 795 2179 Principes.

166 2147 311 2245 Forsitan
332 2181 532 2262 praevalebit.

561 2267 821 2346 Grallicanns.¹
889 2347 927 2374 ,Ι

168 2389 273 2466 Silete,
297 2388 454 2470 quiescite,
476 2387 638 2468 Augustus
661 2389 839 2466 revertitur,
862 2408 939 2479 non,
969 2368 1005 2451 nt
1034 2387 1115 2465 abiit,
1145 2387 1197 2450 ob·
1248 2411 1250 2415 ’

169 2513 269 2569 scnro,
293 2493 349 2553 sed
370 2493 461 2553 vultu
483 2491 645 2552 admodum
667 2477 786 2551 sereno.

572 2591 796 2674 Principes.

164 2683 252 2744 Bona
275 2681 406 2742 fortuna.
653 2692 655 2696 ’

559 2761 805 2825 Gallicanus.

167 2869 201 2932 Si
224 2870 312 2944 enim,
334 2871 369 2929 nt
392 2869 511 2942 dicitnr,
532 2867 824 2948 speonlnmmentis
848 2867 896 2928 est
917 2864 1022 2940 facies,
1046 2885 1116 2927 sere
1140 2865 1197 2928 ‘tas

165 2973 259 3032 faciei
280 2971 548 3032 mansuetudinem
570 2970 650 3030 forte
675 2970 818 3048 designat
841 2969 908 3049 ejus
931 2968 1031 3032 anima

572 3072 796 3152 Principes:
889 3081 893 3086 ’

164 3160 225 3222 Ita.
604 3245 758 3254 —-

530 3343 836 3406 Constantinus.
891 3375 894 3382 ·

166 3432 344 3496 Gallicane!

551 3511 809 3592 Gallicanus.

167 3605 251 3675 Quid
273 3601 374 3663 dixit?

568 3682 791 3764 Principes.

165 3791 314 3866 Procede,
337 3790 480 3871 procede,
502 3790 594 3850 vocat
614 3789 665 3848 tel

563 3887 810 3952 Gallicanus.

165 3979 216 4042 Dii
238 3978 369 4060 propitii,
393 3978 515 4038 favete!

196 4183 231 4236 18)
246 4182 400 4235 quidenna,
417 4179 441 4223 c.
456 4177 517 4220 ms.
