3134 4896
577 431 792 502 ...39-

251 613 319 692 ¹„In
336 599 442 678 Patris
463 613 495 674 et
514 609 587 674 Nati
610 610 727 696 pariter
748 627 869 699 quoque
890 609 1039 680 Flaminis
1059 609 1131 685 almi
1196 681 1201 692 ,

257 717 416 795 „Nomine
437 734 497 796 quo
518 715 635 776 veteris
655 715 812 798 deponant
832 715 959 782 crimina
978 705 1118 791 sordiss'

195 821 247 886 30.
259 821 320 899 „llt
338 820 455 882 virtute
475 837 544 882 mea
564 818 667 880 varios
688 818 835 899 depellite
854 819 986 894 morbos,
1094 880 1097 890 ,

259 923 407 1000 ‚dlecnon
427 922 554 1003 imperio
574 921 747 1002 praedones
769 922 869 1002 cogite
889 923 996 987 restro

265 1027 416 1103 ,·Seevos,
438 1028 598 1090 obsessum
618 1025 759 1108 linquent
779 1027 815 1086 ut
832 1023 967 1106 pectoris
986 1026 1118 1099 anuum,

259 1129 345 1206 „Illis
365 1129 563 1214 praedulcem
583 1132 747 1191 servantes
766 1129 878 1190 mentis
899 1145 1047 1200 amorem,
1112 1109 1115 1118 ’

257 1232 416 1309 „Laedere
438 1251 495 1294 ros
517 1230 594 1294 odiis
613 1232 666 1312 qni
685 1234 838 1313 temptent
858 1249 981 1314 semper
1001 1215 1127 1298 smmis

189 1335 241 1402 35.
248 1337 319 1415 „Ex
338 1337 396 1398 hcc
416 1337 559 1418 percerte
581 1338 712 1416 possunt
731 1353 938 1416 praenoscere
960 1336 1090 1405 cunctas

259 1437 406 1514 „Gentes
428 1437 593 1520 disciprdos
613 1457 669 1501 vos
689 1455 760 1498 esse
781 1437 856 1500 setis
877 1437 952 1500 mihi
972 1455 1070 1512 caros,

261 1541 314 1618 „si
335 1541 434 1604 colitis
455 1543 577 1602 vestros
598 1539 684 1626 puris
705 1539 814 1602 animis
831 1540 978 1607 inimicos.

259 1645 446 1718 „Finetenus
467 1662 620 1706 memores
641 1643 800 1725 persistite
821 1642 939 1709 scilicet
959 1661 1074 1717 omnes,
1175 1720 1178 1730 Ι

260 1747 368 1824 „Quae
388 1747 486 1808 vestri
507 1765 599 1808 cause
619 1765 729 1828 passus
750 1745 861 1807 fuerim
881 1745 947 1807 sine
969 1747 1068 1828 culpa.

188 1849 240 1912 40.
256 1851 385 1926 „Nonne
404 1868 504 1913 meam
524 1849 635 1912 faciem
659 1847 824 1912 Cherubim
844 1868 906 1912 nou
929 1867 1059 1913 cernere
1079 1849 1175 1913 telem

259 1954 412 2030 „Possunt
434 1953 466 2016 in
487 1971 595 2034 regno,
617 1951 716 2034 qualis
735 1952 814 2014 nitet
833 1971 918 2031 ergo,
938 1953 1092 2034 paterno?

260 2056 391 2132 „ludaei
412 2055 531 2136 spurcis
548 2057 628 2118 banc
648 2056 704 2116 sed
724 2055 844 2136 petiere
863 2055 969 2118 salivis

256 2159 473 2240 „Maxillisque
493 2159 570 2220 meis
591 2161 697 2242 alapas
717 2159 854 2222 tribuere
875 2159 1027 2241 malignas
1147 2213 1151 2222 .

254 2263 376 2344 „Atque
396 2281 505 2329 manus
529 2263 625 2326 clavis
645 2263 730 2348 liguo
751 2262 849 2326 fixere
872 2262 1016 2336 cruentis,
1073 2341 1082 2355 „

187 2363 230 2428 45
245 2365 311 2442 „De
333 2366 403 2428 limo
423 2367 587 2448 pulchrum
607 2364 675 2447 quis
695 2364 846 2447 plasmavi
865 2365 1103 2452 protoplastum,

253 2467 349 2544 „Cum
369 2469 478 2550 quibus
498 2472 531 2530 et
551 2469 653 2530 coelos
674 2463 801 2530 extendi
821 2467 953 2550 denique
975 2467 1098 2544 celsos..

253 2572 359 2652 „Nem
379 2572 407 2634 ei
427 2572 556 2658 respicio
569 2574 693 2644 terram,
714 2571 833 2655 pavitat
852 2570 1043 2646 tremefacta,

253 2675 338 2750 „Neo
357 2674 415 2738 mis
434 2674 563 2736 terroris
583 2675 663 2758 potis
683 2678 732 2736 est
752 2674 869 2737 inferre
888 2671 1030 2754 potentis.

255 2776 315 2851 „Et
333 2778 556 2858 praecedentes
577 2777 690 2838 acriter
713 2779 806 2863 caput
825 2780 917 2864 atque
938 2758 1120 2843 moventes

186 2876 237 2941 50.
253 2879 324 2954 „Me
345 2880 425 2942 male
447 2879 558 2942 ludaei
580 2881 763 2946 deridebant
781 2880 936 2948 scelerosi.

253 2981 360 3059 „Haec
381 3001 450 3044 cum
470 2982 671 3066 dampnandis
691 2988 816 3066 paterer
836 2985 990 3068 patienter
1011 2985 1049 3049 ab
1070 2981 1140 3060 illis,

252 3085 360 3168 „lpsos
381 3086 520 3150 vindicta
540 3087 625 3150 volui
645 3107 706 3150 non
726 3088 859 3174 perdere
876 3089 977 3171 justa,

253 3187 344 3264 „Sed
366 3188 466 3254 crucis
487 3189 519 3252 in
539 3189 623 3272 ligno
642 3194 772 3260 mortem
791 3191 889 3274 gratis
909 3177 1054 3276 patiendo
1061 3237 1073 3266 ,1

254 3289 370 3367 „Orevi
390 3294 512 3374 petrem
532 3293 712 3358 clementius
735 3296 989 3380 omnipotentem,

185 3389 239 3456 55.
253 3393 341 3470 „Illis
363 3395 505 3462 continuo
530 3397 683 3463 dimittere
705 3397 832 3464 crimina
854 3402 950 3474 teuta,

251 3495 413 3572 ‚eradens
434 3501 577 3582 exemplo
596 3501 660 3578 osli,
681 3519 760 3582 quae
781 3503 854 3566 suut
872 3501 1031 3580 facienda,

256 3599 317 3674 „Ut
336 3619 406 3664 mee
426 3601 569 3667 coelestis
589 3605 679 3672 ficret
699 3604 838 3674 doctriua
857 3603 973 3680 fidelis,

257 3701 319 3778 „Et
337 3723 378 3766 ue
401 3703 469 3792 quis
489 3704 568 3770 fietis
588 3708 719 3773 cuderet
738 3707 842 3778 dicere
861 3707 983 3780 verbis:

248 3799 365 3886 „Ecca
385 3804 472 3892 quod
491 3807 564 3887 ipse
583 3809 655 3892 poti
675 3809 818 3896 reseca,
837 3829 899 3888 aar
917 3805 1017 3896 ferre
1036 3807 1157 3889 aweit,

168 3959 348 3968 ...nam—-

191 4005 381 4058 altpereepte⁸
396 4005 463 4048 ll..
479 4005 504 4049 l’.
531 4007 566 4050 39.
580 4008 748 4063 resecasse,
763 4009 788 4052 0.
802 4023 825 4056 u.
839 4007 864 4055 S.
898 4009 931 4054 lt.
956 4009 1199 4063 adpatlormpfl‘·

243 4076 290 4119 tere
304 4073 431 4128 entreceur,
445 4074 475 4118 Μ.
489 4087 642 4130 sprevere,
655 4077 680 4122 0.
696 4078 756 4124 ιιι-8.
783 4083 816 4126 al·
831 4083 956 4136 pateret,
970 4081 1002 4123 ll.
1016 4091 1041 4123 u.
1053 4077 1077 4122 1³.

191 4143 225 4185 59.
240 4143 352 4194 rnarlt,
366 4142 396 4184 Μ.
412 4142 480 4199 vergl.
497 4144 522 4187 G.
543 4147 586 4191 199.
