3144 4888
469 871 546 966 Qui
568 899 639 963 velit
660 899 821 979 exemplum
844 903 947 963 veniae
970 901 1166 978 conprendere
1189 907 1297 962 eertum

468 1017 590 1084 Necnon
612 1012 702 1104 larga
718 1021 774 1086 Dei
796 1024 914 1099 pietatis
930 999 1057 1082 ¹munera
1080 1023 1189 1101 magni,

464 1141 586 1205 Pectore
606 1141 767 1204 versiculos
790 1143 938 1204 submisso
962 1142 1092 1224 perlegat
1113 1145 1198 1216 istos,

402 1259 453 1328 10.
466 1258 528 1324 Nec
549 1261 683 1344 fragilem
708 1260 774 1323 silis
791 1281 892 1322 sexum
915 1271 1034 1341 spernat
1057 1261 1197 1338 melioria,

467 1383 549 1456 Quae
572 1382 670 1465 fragili
693 1381 829 1445 modulos
853 1381 964 1445 calamo
987 1390 1155 1444 cantaverat
1177 1386 1261 1457 istos,

463 1502 521 1565 Sed
542 1523 628 1584 mage
649 1501 802 1564 coelestem
825 1500 936 1564 Christi
957 1502 1054 1564 laudet
1074 1507 1229 1580 pietatem,

463 1623 521 1696 Qui
542 1641 600 1686 non
622 1621 683 1685 vult
703 1625 793 1704 digne
813 1632 966 1700 peccantes
989 1625 1110 1702 perdere
1129 1641 1234 1700 poena,

420 1819 426 1830 1
465 1743 522 1806 Sed
542 1743 617 1826 plus·
628 1753 784 1822 perpetuae
803 1761 960 1826 conversos
975 1719 1102 1804 'reddere
1124 1748 1210 1805 vitae.

298 1909 304 1918 ψ
371 1938 374 1945 ,
400 1857 604 1952 '152Gaucune
625 1851 772 1946 gaudebit,
795 1849 884 1944 quod,
905 1882 1003 1927 verum
1026 1873 1113 1940 stare,
1135 1865 1279 1942 probabit,

466 1951 606 2066 Qulsmris
625 1994 807 2064 praesentem
830 1995 1027 2064 perscrutatur
1047 1989 1200 2048 rationem.

509 2261 669 2341 Tempore,
689 2259 823 2321 Basiliu‘s
845 2280 913 2342 quo,
933 2261 983 2322 vir
1004 2261 1170 2323 virtutibus
1191 2260 1299 2332 almus,

467 2363 610 2426 Rexerat
631 2364 792 2424 ecclesiam
809 2365 893 2445 justo
915 2365 1121 2426 moderamine
1143 2364 1288 2437 sanctam,

469 2466 582 2528 Sedem
600 2467 730 2528 rectoris
751 2469 875 2528 sortitus
897 2465 1114 2540 Caesariensis

403 2568 455 2632 20.
471 2569 529 2631 Vir
552 2571 626 2631 satis
646 2570 774 2630 illustria
797 2571 931 2649 degebat
952 2572 1091 2652 partibus
1112 2569 1181 2643 illie,

468 2673 599 2735 Nomine
620 2672 788 2748 Proterius,
810 2677 939 2735 cunctae
961 2674 1043 2754 plebi
1064 2671 1270 2745 venerandus,

468 2776 635 2837 Nobilitate
656 2778 773 2855 potens,
795 2777 909 2857 opibus,
932 2797 1037 2837 rerum
1057 2795 1178 2855 quoque
1199 2774 1327 2855 pollens.

469 2877 568 2941 Unica
589 2877 712 2938 feminei
733 2897 828 2939 sexus
848 2880 951 2959 proles
973 2879 1032 2939 fuit
1048 2879 1101 2952 illi,

466 2981 533 3042 Neo
554 2982 632 3042 alius
654 2982 875 3043 substantiolae
897 2983 1010 3042 mansit
1033 2983 1090 3044 sibi
1113 2999 1245 3060 maguae

402 3080 453 3145 25.
468 3083 580 3156 Herae,
603 3101 694 3162 quam
714 3085 798 3144 certe
818 3086 926 3145 tenero
947 3085 1055 3145 dilexit
1078 3104 1198 3161 amore;

394 3249 403 3262 ,
465 3186 649 3265 Allectuque
671 3186 721 3266 pio
741 3206 861 3248 necnon
882 3188 997 3267 pietate
1020 3190 1150 3268 paterna

373 3282 376 3288 ’
460 3288 589 3369 Optane,
609 3290 679 3369 plue
702 3289 834 3350 animam
856 3291 965 3366 natae‘,
979 3311 1145 3370 numquam
1168 3289 1355 3363 morituram,

467 3390 579 3452 Ornari
600 3392 729 3471 gemmis
749 3394 907 3473 perfectae
930 3394 1126 3473 virginitatis,

467 3493 568 3564 Quam
588 3514 700 3578 corpus
721 3515 831 3578 pompa
851 3497 956 3558 mundi
976 3498 1105 3558 mortale
1129 3497 1253 3571 caduca,

403 3593 596 3660 accuravit
618 3600 714 3660 sacris
737 3599 835 3679 ipsam
856 3602 973 3660 sociare
996 3601 1116 3680 puellis,

468 3701 565 3776 Quae,
589 3703 788 3780 consignatae
811 3701 931 3762 Christo
953 3704 1106 3762 velamine
1129 3721 1226 3773 sacro,

468 3803 613 3865 Coenobii
636 3804 778 3865 claustris
799 3805 916 3884 pariter
939 3809 1104 3865 servantur
1125 3805 1157 3879 in
1179 3804 1263 3864 artis.

509 3906 624 3968 Ductor
645 3907 701 3967 sed
723 3908 884 3980 scelerum,
909 3907 960 3986 qui
983 3908 1105 3988 decepit
1126 3908 1359 3988 protoplastum,

392 4033 547 4047 ι--ῡ-

420 4118 440 4162 i.
455 4115 562 4170 velut,bt;
580 4113 651 4160 Ebot
664 4113 704 4155 dac
715 4115 888 4170 urspriinglicire
901 4102 987 4158 velut
1003 4118 1026 4158 ia
1042 4115 1117 4160 velit
1129 4118 1238 4170 corrigirt.
1266 4119 1300 4160 Ἡ.
1317 4128 1373 4158 cern
1382 4129 1410 4158 u

454 4185 522 4240 preat,
538 4183 562 4228 c.
580 4195 602 4226 ιι.
617 4181 640 4224 S.

599 4254 611 4278 0
