3080 4892
574 463 813 535 -359-

261 646 323 718 Qui
345 646 405 708 fuit
428 646 546 706 electus
569 644 653 724 regis
676 644 792 726 pietate
813 643 961 725 perennis

260 750 382 811 Primus
407 748 565 811 Saxonum
586 768 646 808 rex
667 749 738 828 post
759 749 879 828 patrem
901 750 1106 821 strenuorum,

262 853 425 932 Augustus
447 851 656 912 Romanorum
676 851 854 930 pariterque
875 852 1043 930 potentum.

302 955 463 1016 Mensibus
485 954 556 1014 hino
577 953 660 1014 senis
683 973 776 1014 cursu
797 953 948 1014 volitante
970 953 1114 1034 peractis,

172 1055 247 1122 575.
264 1057 345 1118 Dum
367 1058 462 1118 decus
484 1057 542 1118 hoo
564 1056 643 1119 tanti
665 1057 781 1117 clarum
802 1057 927 1134 generis
949 1057 1008 1117 fnit
1030 1059 1139 1133 ortum,

260 1161 299 1222 In
322 1180 382 1241 quo
404 1161 486 1220 laeta
507 1159 616 1240 procul
638 1159 729 1220 dubio
751 1159 900 1240 promissa
922 1159 1042 1240 repleta

262 1262 550 1344 Christi-baptistae
573 1261 742 1323 creduntur
763 1261 903 1342 primitus
925 1281 995 1322 esse

260 1367 356 1428 Istius
379 1367 513 1444 exiguae
536 1383 616 1446 quae
637 1385 710 1427 mox
732 1365 764 1426 in
786 1366 904 1427 vertice
926 1365 1037 1429 Missae

261 1470 369 1532 Aedae
392 1488 524 1550 namque
545 1487 619 1530 suae
641 1468 764 1528 memini
786 1469 852 1528 fore
875 1468 957 1530 dicta
978 1469 1110 1549 parenti,

175 1570 247 1636 580.
261 1573 328 1635 Oda
349 1573 439 1634 nimis
461 1573 548 1648 felix,
571 1571 669 1640 nostri
690 1590 762 1651 spes
785 1574 817 1630 et
839 1571 1034 1645 dominatrix,

261 1677 364 1747 Quum
387 1676 490 1738 decies
512 1677 608 1737 denos
631 1678 750 1755 septem
772 1694 893 1754 quoque
915 1665 1040 1738 vixerat
1061 1693 1167 1750 annos,

197 1801 204 1806 ·
262 1779 367 1840 Vitam
389 1780 450 1840 fine
472 1781 551 1840 bono
574 1797 758 1838 consumens
779 1777 891 1838 transit
910 1778 950 1838 ad
971 1780 1065 1854 astra,

258 1882 438 1964 Expectans
461 1901 516 1963 spe
538 1880 621 1942 felici
641 1882 762 1962 tempus
783 1881 935 1941 redeundi

259 1985 377 2060 Fletus,
400 1989 493 2064 atque
515 1982 701 2063 resurgendi
723 1983 762 2044 de
784 1984 915 2065 pulvere
937 1984 1022 2065 pleni

170 2084 244 2150 585.
258 2087 400 2170 Corporis
422 2089 454 2148 in
476 2088 601 2162 tumulo,
624 2087 706 2166 quod
726 2105 809 2148 nuno
831 2089 887 2148 sub
911 2087 1047 2167 tegmine
1070 2087 1147 2150 duro

261 2190 359 2256 Juxta
381 2195 524 2252 natarum
546 2189 714 2270 requiescit
734 2191 826 2251 busta
848 2209 981 2252 suarum.

301 2293 369 2356 Neo
391 2292 554 2370 Christina,
577 2293 641 2354 suis
664 2312 743 2373 quae
766 2293 831 2354 sola
853 2293 1002 2355 remansit
1022 2294 1164 2356 alumnis.

258 2381 327 2459 lam
350 2399 423 2458 tuno
445 2396 589 2458 instantis
612 2395 739 2475 grandis
762 2395 891 2456 dulcedo
915 2396 1038 2471 doloris,

259 2499 334 2561 Plus
357 2519 447 2580 quam
469 2500 516 2562 bis
541 2503 647 2561 ternos
670 2501 740 2580 post
761 2501 892 2560 matrem
913 2498 1037 2560 vixerat
1058 2517 1164 2575 annos,

171 2599 243 2664 590.
259 2601 321 2663 Sed
342 2604 478 2664 reddens
500 2603 641 2678 animam,
664 2602 797 2664 Factore
818 2602 960 2678 vocante,
981 2603 1112 2680 beatam,

259 2703 404 2786 tangitur
425 2706 458 2768 in
479 2707 556 2768 lucis
578 2706 678 2788 patria
700 2704 846 2788 pacisque
869 2705 1016 2786 perennis

257 2807 334 2890 Ejus
356 2811 521 2890 germanis,
545 2829 674 2890 quarum
695 2809 832 2891 pollebat
853 2807 986 2888 honoris}

259 2909 383 2973 Haeres
406 2915 438 2974 et
459 2916 585 2974 sanotae
606 2913 757 2976 sectatrix
777 2916 894 2998 inclyta
915 2917 1008 2979 vitae.

260 3014 357 3085 Quas'
368 3016 459 3077 matri
482 3017 608 3078 cunctas
631 3009 662 3078 in
685 3019 770 3087 coelo
793 3020 992 3097 consociatae,

171 3112 243 3178 595.
258 3116 349 3178 Alme
371 3118 474 3196 Pater,
497 3123 599 3181 tecum
612 3123 746 3202 ,praesta
768 3125 907 3202 gaudere
929 3144 986 3206 per
1008 3143 1127 3200 aevum,

256 3219 345 3282 Illius
367 3223 439 3284 boni
460 3225 604 3284 mercede
626 3213 805 3305 perenniter
825 3227 879 3300 uti,

262 3323 353 3394 Quod
375 3328 459 3386 retro
482 3329 593 3388 cuncta
614 3327 676 3388 tuis
693 3311 826 3398 servasti
847 3329 973 3390 saecula
995 3329 1084 3403 caris,

260 3426 329 3497 Quo
351 3430 382 3489 te
405 3448 474 3490 cum
495 3429 577 3491 Nato
599 3451 720 3494 necnon
742 3453 811 3494 oum
831 3432 980 3495 Flamina·
993 3450 1081 3494 sacro

260 3528 364 3591 Solum
386 3535 540 3593 rectorem
562 3536 747 3598 coelestibus
768 3537 995 3620 imperitantem

170 3627 507 3696 tacitaetacitae
528 3637 690 3700 laudemus
712 3659 789 3702 voce
808 3640 970 3722 jocundae.

169 3768 350 3782 Μ

194 3834 242 3878 675.
257 3835 394 3880 hortanti
408 3839 445 3881 sur
457 3839 510 3882 hoc
524 3839 683 3895 tentatae.
694 3839 748 3886 aas.
763 3841 809 3888 579.
824 3840 911 3896 Adae,
925 3839 966 3897 Ap.
978 3836 1063 3887 mluek.
1083 3839 1129 3887 580.
1144 3851 1202 3884 eon·

262 3910 487 3962 summanum.
506 3911 842 3966 595-pereum,dp.u.llok.
869 3909 1203 3965 596.1111n·que,1,a.n.}{.
1299 3903 1306 3912 ’

263 3978 309 4020 600.
325 3978 449 4033 Doleas,
470 3979 511 4036 lp.
535 3995 558 4024 u.
578 3981 619 4032 ll.;
640 3980 808 4035 laudantes,
828 3979 871 4036 Ap.
892 3993 914 4022 u.
934 3978 1004 4036 aem
1027 3981 1067 4023 Lo.
1087 3981 1202 4035 eorrlglrte

262 4047 424 4090 laudamus.
1072 4051 1074 4056 ’
1263 4051 1265 4056 ’

532 4206 790 4220 Ι-ί--σ--νᾰίῠ
