<?xml version="1.0" encoding="UTF-8"?>
<!DOCTYPE html PUBLIC "-//W3C//DTD XHTML 1.0 Transitional//EN"
    "http://www.w3.org/TR/xhtml1/DTD/xhtml1-transitional.dtd">
<html xmlns="http://www.w3.org/1999/xhtml" xml:lang="en" lang="en">
 <head>
  <title>
</title>
<meta http-equiv="Content-Type" content="text/html;charset=utf-8" />
  <meta name='ocr-system' content='tesseract 3.04.00' />
  <meta name='ocr-capabilities' content='ocr_page ocr_carea ocr_par ocr_line ocrx_word'/>
</head>
<body>
  <div class='ocr_page' id='page_1' title='image "./diewerkederhrot00hrotgoog_0162.png"; bbox 0 0 3134 4896; ppageno 0'>
   <div class='ocr_carea' id='block_1_1' title="bbox 439 541 780 634">
    <p class='ocr_par' dir='ltr' id='par_1_1' title="bbox 439 541 780 634">
     <span class='ocr_line' id='line_1_1' title="bbox 439 541 780 634; baseline -0.003 -16"><span class='ocrx_word' id='word_1_1' title='bbox 439 622 442 634; x_wconf 71' lang='lat'><em>,</em></span> <span class='ocrx_word' id='word_1_2' title='bbox 560 541 780 618; x_wconf 51' lang='lat' dir='ltr'><strong>...oa-1</strong></span> 
     </span>
    </p>
   </div>
   <div class='ocr_carea' id='block_1_2' title="bbox 153 725 1158 2254">
    <p class='ocr_par' dir='ltr' id='par_1_2' title="bbox 170 725 1084 914">
     <span class='ocr_line' id='line_1_2' title="bbox 234 725 1084 810; baseline 0.001 -20"><span class='ocrx_word' id='word_1_3' title='bbox 234 725 429 803; x_wconf 84' lang='lat' dir='ltr'><strong>Promittere,</strong></span> <span class='ocrx_word' id='word_1_4' title='bbox 451 727 810 810; x_wconf 82' lang='lat' dir='ltr'><strong>promptam-despectus</strong></span> <span class='ocrx_word' id='word_1_5' title='bbox 832 747 902 790; x_wconf 87' lang='lat' dir='ltr'><strong>esse</strong></span> <span class='ocrx_word' id='word_1_6' title='bbox 924 727 1084 806; x_wconf 77' lang='lat' dir='ltr'><strong>medelam,</strong></span> 
     </span>
     <span class='ocr_line' id='line_1_3' title="bbox 170 829 950 914; baseline 0 -21"><span class='ocrx_word' id='word_1_7' title='bbox 170 829 221 894; x_wconf 87' lang='grc'><strong>90.</strong></span> <span class='ocrx_word' id='word_1_8' title='bbox 238 831 271 892; x_wconf 81' lang='lat' dir='ltr'><strong>si</strong></span> <span class='ocrx_word' id='word_1_9' title='bbox 293 831 430 914; x_wconf 90' lang='lat' dir='ltr'><strong>parendo</strong></span> <span class='ocrx_word' id='word_1_10' title='bbox 453 831 518 892; x_wconf 87' lang='lat' dir='ltr'><strong>suis</strong></span> <span class='ocrx_word' id='word_1_11' title='bbox 540 831 638 892; x_wconf 82' lang='lat' dir='ltr'><strong>vellet</strong></span> <span class='ocrx_word' id='word_1_12' title='bbox 657 834 778 892; x_wconf 88' lang='lat' dir='ltr'><strong>tantum</strong></span> <span class='ocrx_word' id='word_1_13' title='bbox 799 831 950 907; x_wconf 85' lang='lat' dir='ltr'><strong>suadelis,</strong></span> 
     </span>
    </p>

    <p class='ocr_par' dir='ltr' id='par_1_3' title="bbox 240 934 1072 1016">
     <span class='ocr_line' id='line_1_4' title="bbox 240 934 1072 1016; baseline 0.002 -20"><span class='ocrx_word' id='word_1_14' title='bbox 240 934 304 996; x_wconf 80' lang='lat' dir='ltr'><strong>Sub</strong></span> <span class='ocrx_word' id='word_1_15' title='bbox 328 935 442 996; x_wconf 78' lang='lat' dir='ltr'>ditione</span> <span class='ocrx_word' id='word_1_16' title='bbox 464 936 513 996; x_wconf 87' lang='lat' dir='ltr'><strong>sui</strong></span> <span class='ocrx_word' id='word_1_17' title='bbox 534 934 703 1016; x_wconf 87' lang='lat' dir='ltr'><strong>posthaec</strong></span> <span class='ocrx_word' id='word_1_18' title='bbox 724 935 863 996; x_wconf 89' lang='lat' dir='ltr'><strong>habitare</strong></span> <span class='ocrx_word' id='word_1_19' title='bbox 885 935 1034 1015; x_wconf 76' lang='lat' dir='ltr'><strong>magistri.</strong></span> <span class='ocrx_word' id='word_1_20' title='bbox 1067 955 1072 964; x_wconf 86' lang='grc'><strong>’</strong></span> 
     </span>
    </p>

    <p class='ocr_par' dir='ltr' id='par_1_4' title="bbox 239 1036 1070 1221">
     <span class='ocr_line' id='line_1_5' title="bbox 280 1036 1070 1118; baseline 0 -20"><span class='ocrx_word' id='word_1_21' title='bbox 280 1036 338 1098; x_wconf 85' lang='lat' dir='ltr'><strong>Hie</strong></span> <span class='ocrx_word' id='word_1_22' title='bbox 361 1038 411 1099; x_wconf 91' lang='lat' dir='ltr'><strong>hic</strong></span> <span class='ocrx_word' id='word_1_23' title='bbox 432 1037 543 1099; x_wconf 79' lang='lat' dir='ltr'><strong>infelix</strong></span> <span class='ocrx_word' id='word_1_24' title='bbox 565 1037 686 1098; x_wconf 87' lang='lat' dir='ltr'><strong>monitis</strong></span> <span class='ocrx_word' id='word_1_25' title='bbox 710 1040 818 1118; x_wconf 84' lang='lat' dir='ltr'><strong>captus</strong></span> <span class='ocrx_word' id='word_1_26' title='bbox 838 1038 919 1100; x_wconf 86' lang='lat' dir='ltr'><strong>male</strong></span> <span class='ocrx_word' id='word_1_27' title='bbox 940 1039 1070 1113; x_wconf 86' lang='lat' dir='ltr'><strong>blandis,</strong></span> 
     </span>
     <span class='ocr_line' id='line_1_6' title="bbox 239 1140 958 1221; baseline 0.001 -20"><span class='ocrx_word' id='word_1_28' title='bbox 239 1140 404 1201; x_wconf 88' lang='lat' dir='ltr'><strong>Daemouis</strong></span> <span class='ocrx_word' id='word_1_29' title='bbox 427 1141 573 1220; x_wconf 86' lang='lat' dir='ltr'><strong>obsequio</strong></span> <span class='ocrx_word' id='word_1_30' title='bbox 596 1141 683 1202; x_wconf 73' lang='lat' dir='ltr'><strong>saeui</strong></span> <span class='ocrx_word' id='word_1_31' title='bbox 705 1140 801 1220; x_wconf 88' lang='lat' dir='ltr'><strong>gestit</strong></span> <span class='ocrx_word' id='word_1_32' title='bbox 822 1141 958 1221; x_wconf 84' lang='lat' dir='ltr'><strong>religari,</strong></span> 
     </span>
    </p>

    <p class='ocr_par' dir='ltr' id='par_1_5' title="bbox 175 1241 1105 1527">
     <span class='ocr_line' id='line_1_7' title="bbox 237 1241 1050 1330; baseline 0.002 -26"><span class='ocrx_word' id='word_1_33' title='bbox 237 1241 306 1313; x_wconf 82' lang='lat' dir='ltr'><strong>Quo</strong></span> <span class='ocrx_word' id='word_1_34' title='bbox 329 1243 386 1305; x_wconf 84' lang='lat' dir='ltr'>sibi</span> <span class='ocrx_word' id='word_1_35' title='bbox 408 1245 578 1330; x_wconf 83' lang='lat' dir='ltr'><strong>umbratilis</strong></span> <span class='ocrx_word' id='word_1_36' title='bbox 599 1263 710 1305; x_wconf 89' lang='lat' dir='ltr'><strong>munus</strong></span> <span class='ocrx_word' id='word_1_37' title='bbox 732 1245 897 1308; x_wconf 80' lang='lat' dir='ltr'><strong>meruisset</strong></span> <span class='ocrx_word' id='word_1_38' title='bbox 917 1245 1050 1306; x_wconf 90' lang='lat' dir='ltr'><strong>honoris.</strong></span> 
     </span>
     <span class='ocr_line' id='line_1_8' title="bbox 175 1343 1105 1426; baseline 0.006 -20"><span class='ocrx_word' id='word_1_39' title='bbox 175 1343 225 1406; x_wconf 88' lang='lat'><strong>95.</strong></span> <span class='ocrx_word' id='word_1_40' title='bbox 241 1345 350 1420; x_wconf 76' lang='lat' dir='ltr'><strong>Quem,</strong></span> <span class='ocrx_word' id='word_1_41' title='bbox 372 1365 434 1406; x_wconf 90' lang='lat' dir='ltr'><strong>non</strong></span> <span class='ocrx_word' id='word_1_42' title='bbox 456 1347 612 1424; x_wconf 85' lang='lat' dir='ltr'><strong>signatum</strong></span> <span class='ocrx_word' id='word_1_43' title='bbox 633 1347 723 1426; x_wconf 88' lang='lat' dir='ltr'><strong>signo</strong></span> <span class='ocrx_word' id='word_1_44' title='bbox 745 1350 870 1408; x_wconf 88' lang='lat' dir='ltr'><strong>sanctae</strong></span> <span class='ocrx_word' id='word_1_45' title='bbox 894 1347 995 1410; x_wconf 88' lang='lat' dir='ltr'><strong>crucis</strong></span> <span class='ocrx_word' id='word_1_46' title='bbox 1017 1349 1105 1424; x_wconf 91' lang='lat' dir='ltr'><strong>almo,</strong></span> 
     </span>
     <span class='ocr_line' id='line_1_9' title="bbox 238 1447 1014 1527; baseline 0.004 -18"><span class='ocrx_word' id='word_1_47' title='bbox 238 1447 300 1510; x_wconf 86' lang='lat' dir='ltr'><strong>Sed</strong></span> <span class='ocrx_word' id='word_1_48' title='bbox 322 1467 414 1527; x_wconf 83' lang='lat' dir='ltr'>mage</span> <span class='ocrx_word' id='word_1_49' title='bbox 436 1450 623 1517; x_wconf 83' lang='lat' dir='ltr'><strong>daemonicis</strong></span> <span class='ocrx_word' id='word_1_50' title='bbox 644 1449 848 1512; x_wconf 84' lang='lat' dir='ltr'><strong>confidentem</strong></span> <span class='ocrx_word' id='word_1_51' title='bbox 869 1449 1014 1526; x_wconf 83' lang='lat' dir='ltr'><strong>suadelis,</strong></span> 
     </span>
    </p>

    <p class='ocr_par' dir='ltr' id='par_1_6' title="bbox 238 1550 983 1632">
     <span class='ocr_line' id='line_1_10' title="bbox 238 1550 983 1632; baseline 0.004 -20"><span class='ocrx_word' id='word_1_52' title='bbox 238 1550 331 1612; x_wconf 82' lang='lat' dir='ltr'>Ocius</span> <span class='ocrx_word' id='word_1_53' title='bbox 353 1553 406 1613; x_wconf 88' lang='lat' dir='ltr'><strong>ille</strong></span> <span class='ocrx_word' id='word_1_54' title='bbox 428 1571 539 1632; x_wconf 88' lang='lat' dir='ltr'><strong>magus</strong></span> <span class='ocrx_word' id='word_1_55' title='bbox 561 1573 666 1614; x_wconf 87' lang='lat' dir='ltr'><strong>secum</strong></span> <span class='ocrx_word' id='word_1_56' title='bbox 688 1551 780 1614; x_wconf 88' lang='lat' dir='ltr'><strong>duxit</strong></span> <span class='ocrx_word' id='word_1_57' title='bbox 800 1553 983 1615; x_wconf 82' lang='lat' dir='ltr'><strong>maledictus</strong></span> 
     </span>
    </p>

    <p class='ocr_par' dir='ltr' id='par_1_7' title="bbox 240 1654 1041 1730">
     <span class='ocr_line' id='line_1_11' title="bbox 240 1654 1041 1730; baseline 0.002 -14"><span class='ocrx_word' id='word_1_58' title='bbox 240 1654 340 1716; x_wconf 84' lang='lat' dir='ltr'><strong>Trans</strong></span> <span class='ocrx_word' id='word_1_59' title='bbox 363 1657 470 1716; x_wconf 89' lang='lat' dir='ltr'><strong>urbem</strong></span> <span class='ocrx_word' id='word_1_60' title='bbox 492 1659 549 1718; x_wconf 89' lang='lat' dir='ltr'><strong>sub</strong></span> <span class='ocrx_word' id='word_1_61' title='bbox 572 1655 730 1717; x_wconf 81' lang='lat' dir='ltr'>nocturnis</span> <span class='ocrx_word' id='word_1_62' title='bbox 752 1658 872 1717; x_wconf 88' lang='lat' dir='ltr'><strong>secreto</strong></span> <span class='ocrx_word' id='word_1_63' title='bbox 894 1656 1041 1730; x_wconf 75' lang='lat' dir='ltr'><strong>tenebris,</strong></span> 
     </span>
    </p>

    <p class='ocr_par' dir='ltr' id='par_1_8' title="bbox 153 1756 1105 1943">
     <span class='ocr_line' id='line_1_12' title="bbox 238 1756 1105 1842; baseline 0.003 -25"><span class='ocrx_word' id='word_1_64' title='bbox 238 1756 349 1820; x_wconf 89' lang='lat' dir='ltr'><strong>Intulit</strong></span> <span class='ocrx_word' id='word_1_65' title='bbox 370 1758 464 1838; x_wconf 91' lang='lat' dir='ltr'><strong>inque</strong></span> <span class='ocrx_word' id='word_1_66' title='bbox 485 1759 596 1834; x_wconf 91' lang='lat' dir='ltr'><strong>locum,</strong></span> <span class='ocrx_word' id='word_1_67' title='bbox 618 1759 713 1820; x_wconf 92' lang='lat' dir='ltr'><strong>multo</strong></span> <span class='ocrx_word' id='word_1_68' title='bbox 736 1757 950 1838; x_wconf 73' lang='lat' dir='ltr'><strong>phantasmate</strong></span> <span class='ocrx_word' id='word_1_69' title='bbox 972 1759 1105 1842; x_wconf 83' lang='lat' dir='ltr'><strong>plenum,</strong></span> 
     </span>
     <span class='ocr_line' id='line_1_13' title="bbox 153 1857 973 1943; baseline 0.005 -23"><span class='ocrx_word' id='word_1_70' title='bbox 153 1857 279 1921; x_wconf 86' lang='lat' dir='ltr'><strong>100.1n</strong></span> <span class='ocrx_word' id='word_1_71' title='bbox 302 1881 361 1941; x_wconf 90' lang='lat' dir='ltr'><strong>quo</strong></span> <span class='ocrx_word' id='word_1_72' title='bbox 383 1863 512 1924; x_wconf 88' lang='lat' dir='ltr'><strong>tartarei</strong></span> <span class='ocrx_word' id='word_1_73' title='bbox 534 1865 688 1924; x_wconf 87' lang='lat' dir='ltr'><strong>steterant</strong></span> <span class='ocrx_word' id='word_1_74' title='bbox 708 1861 851 1943; x_wconf 46' lang='lat' dir='ltr'><strong>in&#39;g‘veste</strong></span> <span class='ocrx_word' id='word_1_75' title='bbox 873 1863 973 1924; x_wconf 90' lang='lat' dir='ltr'><strong>coloni</strong></span> 
     </span>
    </p>

    <p class='ocr_par' dir='ltr' id='par_1_9' title="bbox 241 1962 991 2048">
     <span class='ocr_line' id='line_1_14' title="bbox 241 1962 991 2048; baseline 0.008 -25"><span class='ocrx_word' id='word_1_76' title='bbox 241 1962 330 2038; x_wconf 87' lang='lat' dir='ltr'><strong>Alba,</strong></span> <span class='ocrx_word' id='word_1_77' title='bbox 353 1966 499 2026; x_wconf 88' lang='lat' dir='ltr'><strong>candelas</strong></span> <span class='ocrx_word' id='word_1_78' title='bbox 521 1968 628 2048; x_wconf 88' lang='lat' dir='ltr'><strong>plures</strong></span> <span class='ocrx_word' id='word_1_79' title='bbox 650 1967 790 2028; x_wconf 86' lang='lat' dir='ltr'><strong>manibus</strong></span> <span class='ocrx_word' id='word_1_80' title='bbox 810 1965 991 2029; x_wconf 77' lang='lat' dir='ltr'><strong>retinentes.</strong></span> 
     </span>
    </p>

    <p class='ocr_par' dir='ltr' id='par_1_10' title="bbox 238 2053 1158 2152">
     <span class='ocr_line' id='line_1_15' title="bbox 238 2053 1158 2152; baseline 0.005 -27"><span class='ocrx_word' id='word_1_81' title='bbox 238 2065 327 2127; x_wconf 89' lang='lat' dir='ltr'><strong>Inter</strong></span> <span class='ocrx_word' id='word_1_82' title='bbox 349 2088 426 2147; x_wconf 84' lang='lat' dir='ltr'><strong>quos</strong></span> <span class='ocrx_word' id='word_1_83' title='bbox 446 2071 566 2152; x_wconf 84' lang='lat' dir='ltr'><strong>medius</strong></span> <span class='ocrx_word' id='word_1_84' title='bbox 588 2071 732 2152; x_wconf 89' lang='lat' dir='ltr'><strong>princeps</strong></span> <span class='ocrx_word' id='word_1_85' title='bbox 753 2069 910 2132; x_wconf 79' lang='lat' dir='ltr'><strong>residebat</strong></span> <span class='ocrx_word' id='word_1_86' title='bbox 931 2068 1063 2149; x_wconf 88' lang='lat' dir='ltr'><strong>iniquus,</strong></span> <span class='ocrx_word' id='word_1_87' title='bbox 1153 2053 1158 2058; x_wconf 41' lang='lat'>⁵</span> 
     </span>
    </p>

    <p class='ocr_par' dir='ltr' id='par_1_11' title="bbox 240 2168 1069 2254">
     <span class='ocr_line' id='line_1_16' title="bbox 240 2168 1069 2254; baseline 0.004 -25"><span class='ocrx_word' id='word_1_88' title='bbox 240 2168 301 2239; x_wconf 78' lang='lat' dir='ltr'><strong>Qui</strong></span> <span class='ocrx_word' id='word_1_89' title='bbox 323 2190 381 2231; x_wconf 80' lang='lat' dir='ltr'><strong>rex</strong></span> <span class='ocrx_word' id='word_1_90' title='bbox 404 2175 452 2232; x_wconf 91' lang='lat' dir='ltr'><strong>est</strong></span> <span class='ocrx_word' id='word_1_91' title='bbox 473 2171 588 2246; x_wconf 80' lang='lat' dir='ltr'><strong>mertia,</strong></span> <span class='ocrx_word' id='word_1_92' title='bbox 610 2174 714 2254; x_wconf 89' lang='lat' dir='ltr'><strong>proles</strong></span> <span class='ocrx_word' id='word_1_93' title='bbox 736 2191 858 2254; x_wconf 90' lang='lat' dir='ltr'><strong>quoque</strong></span> <span class='ocrx_word' id='word_1_94' title='bbox 880 2172 1069 2254; x_wconf 83' lang='lat' dir='ltr'><strong>perditionis,</strong></span> 
     </span>
    </p>
   </div>
   <div class='ocr_carea' id='block_1_3' title="bbox 156 2271 1034 2462">
    <p class='ocr_par' dir='ltr' id='par_1_12' title="bbox 156 2271 1034 2462">
     <span class='ocr_line' id='line_1_17' title="bbox 240 2271 1034 2356; baseline 0.005 -25"><span class='ocrx_word' id='word_1_95' title='bbox 240 2271 380 2333; x_wconf 79' lang='lat' dir='ltr'><strong>Suadere</strong></span> <span class='ocrx_word' id='word_1_96' title='bbox 403 2273 605 2356; x_wconf 92' lang='lat' dir='ltr'><strong>dampnandis</strong></span> <span class='ocrx_word' id='word_1_97' title='bbox 627 2279 730 2338; x_wconf 88' lang='lat' dir='ltr'><strong>astuta</strong></span> <span class='ocrx_word' id='word_1_98' title='bbox 747 2275 857 2338; x_wconf 84' lang='lat' dir='ltr'><strong>fraude</strong></span> <span class='ocrx_word' id='word_1_99' title='bbox 877 2275 1034 2350; x_wconf 84' lang='lat' dir='ltr'><strong>ministris,</strong></span> 
     </span>
     <span class='ocr_line' id='line_1_18' title="bbox 156 2370 939 2462; baseline 0.005 -29"><span class='ocrx_word' id='word_1_100' title='bbox 156 2370 371 2456; x_wconf 80' lang='lat' dir='ltr'><strong>105.1npigre</strong></span> <span class='ocrx_word' id='word_1_101' title='bbox 393 2378 511 2438; x_wconf 84' lang='lat' dir='ltr'><strong>cunctis</strong></span> <span class='ocrx_word' id='word_1_102' title='bbox 533 2380 739 2462; x_wconf 81' lang='lat' dir='ltr'><strong>praetendere</strong></span> <span class='ocrx_word' id='word_1_103' title='bbox 761 2377 939 2440; x_wconf 76' lang='lat' dir='ltr'><strong>calliditatis</strong></span> 
     </span>
    </p>
   </div>
   <div class='ocr_carea' id='block_1_4' title="bbox 158 2478 1164 4002">
    <p class='ocr_par' dir='ltr' id='par_1_13' title="bbox 158 2478 1164 4002">
     <span class='ocr_line' id='line_1_19' title="bbox 240 2478 975 2563; baseline 0.001 -24"><span class='ocrx_word' id='word_1_104' title='bbox 240 2478 395 2540; x_wconf 82' lang='lat' dir='ltr'><strong>Aesuctae</strong></span> <span class='ocrx_word' id='word_1_105' title='bbox 417 2481 545 2561; x_wconf 88' lang='lat' dir='ltr'><strong>laqueos</strong></span> <span class='ocrx_word' id='word_1_106' title='bbox 567 2501 672 2544; x_wconf 89' lang='lat' dir='ltr'><strong>omnes</strong></span> <span class='ocrx_word' id='word_1_107' title='bbox 695 2485 819 2563; x_wconf 87' lang='lat' dir='ltr'><strong>captare</strong></span> <span class='ocrx_word' id='word_1_108' title='bbox 841 2483 975 2562; x_wconf 86' lang='lat' dir='ltr'><strong>paratos.</strong></span> 
     </span>
     <span class='ocr_line' id='line_1_20' title="bbox 279 2581 1139 2666; baseline -0.002 -23"><span class='ocrx_word' id='word_1_109' title='bbox 279 2582 323 2643; x_wconf 82' lang='lat' dir='ltr'><strong>At</strong></span> <span class='ocrx_word' id='word_1_110' title='bbox 342 2601 453 2663; x_wconf 87' lang='lat' dir='ltr'><strong>magus</strong></span> <span class='ocrx_word' id='word_1_111' title='bbox 476 2589 630 2646; x_wconf 85' lang='lat' dir='ltr'><strong>errantem</strong></span> <span class='ocrx_word' id='word_1_112' title='bbox 652 2585 877 2666; x_wconf 86' lang='lat' dir='ltr'><strong>dampnumque</strong></span> <span class='ocrx_word' id='word_1_113' title='bbox 896 2583 944 2646; x_wconf 85' lang='lat' dir='ltr'><strong>sai</strong></span> <span class='ocrx_word' id='word_1_114' title='bbox 965 2581 1139 2664; x_wconf 89' lang='lat' dir='ltr'><strong>cupientem</strong></span> 
     </span>
     <span class='ocr_line' id='line_1_21' title="bbox 243 2682 994 2770; baseline 0.004 -26"><span class='ocrx_word' id='word_1_115' title='bbox 243 2682 320 2745; x_wconf 84' lang='lat' dir='ltr'><strong>Mox</strong></span> <span class='ocrx_word' id='word_1_116' title='bbox 342 2687 381 2746; x_wconf 88' lang='lat' dir='ltr'><strong>ad</strong></span> <span class='ocrx_word' id='word_1_117' title='bbox 404 2687 565 2750; x_wconf 89' lang='lat' dir='ltr'><strong>concilium</strong></span> <span class='ocrx_word' id='word_1_118' title='bbox 586 2688 777 2770; x_wconf 79' lang='lat' dir='ltr'><strong>perducebat</strong></span> <span class='ocrx_word' id='word_1_119' title='bbox 797 2686 994 2759; x_wconf 83' lang='lat' dir='ltr'><strong>scelerosum,</strong></span> 
     </span>
     <span class='ocr_line' id='line_1_22' title="bbox 242 2786 1028 2874; baseline 0 -26"><span class='ocrx_word' id='word_1_120' title='bbox 242 2787 483 2870; x_wconf 85' lang='lat' dir='ltr'><strong>Prostratueque</strong></span> <span class='ocrx_word' id='word_1_121' title='bbox 504 2791 552 2852; x_wconf 89' lang='lat' dir='ltr'><strong>sui</strong></span> <span class='ocrx_word' id='word_1_122' title='bbox 573 2791 687 2874; x_wconf 89' lang='lat' dir='ltr'><strong>plantis</strong></span> <span class='ocrx_word' id='word_1_123' title='bbox 710 2790 857 2871; x_wconf 85' lang='lat' dir='ltr'><strong>extimplo</strong></span> <span class='ocrx_word' id='word_1_124' title='bbox 878 2786 1028 2868; x_wconf 78' lang='lat' dir='ltr'><strong>magistri,</strong></span> 
     </span>
     <span class='ocr_line' id='line_1_23' title="bbox 158 2886 1018 2974; baseline 0.001 -24"><span class='ocrx_word' id='word_1_125' title='bbox 158 2886 228 2950; x_wconf 89' lang='lat'>110.</span> <span class='ocrx_word' id='word_1_126' title='bbox 240 2890 427 2954; x_wconf 81' lang='lat' dir='ltr'><strong>Monstravit</strong></span> <span class='ocrx_word' id='word_1_127' title='bbox 448 2895 544 2955; x_wconf 87' lang='lat' dir='ltr'><strong>verbo</strong></span> <span class='ocrx_word' id='word_1_128' title='bbox 567 2911 783 2974; x_wconf 87' lang='lat' dir='ltr'><strong>causam‚·qua</strong></span> <span class='ocrx_word' id='word_1_129' title='bbox 803 2897 935 2954; x_wconf 80' lang='lat' dir='ltr'><strong>venerat</strong></span> <span class='ocrx_word' id='word_1_130' title='bbox 955 2890 1018 2952; x_wconf 89' lang='lat' dir='ltr'><strong>illo.</strong></span> 
     </span>
     <span class='ocr_line' id='line_1_24' title="bbox 243 2990 1059 3076; baseline 0 -21"><span class='ocrx_word' id='word_1_131' title='bbox 243 2990 300 3055; x_wconf 86' lang='lat' dir='ltr'><strong>Cui</strong></span> <span class='ocrx_word' id='word_1_132' title='bbox 322 2994 452 3056; x_wconf 83' lang='lat' dir='ltr'><strong>daemon</strong></span> <span class='ocrx_word' id='word_1_133' title='bbox 474 3015 588 3058; x_wconf 86' lang='lat' dir='ltr'><strong>saevus</strong></span> <span class='ocrx_word' id='word_1_134' title='bbox 609 3000 718 3058; x_wconf 88' lang='lat' dir='ltr'><strong>contra</strong></span> <span class='ocrx_word' id='word_1_135' title='bbox 737 2996 783 3058; x_wconf 85' lang='lat' dir='ltr'><strong>sic</strong></span> <span class='ocrx_word' id='word_1_136' title='bbox 804 2996 937 3076; x_wconf 91' lang='lat' dir='ltr'><strong>denique</strong></span> <span class='ocrx_word' id='word_1_137' title='bbox 959 2994 1059 3056; x_wconf 86' lang='lat' dir='ltr'><strong>fatus:</strong></span> 
     </span>
     <span class='ocr_line' id='line_1_25' title="bbox 246 3095 979 3182; baseline 0.003 -26"><span class='ocrx_word' id='word_1_138' title='bbox 246 3095 331 3172; x_wconf 69' lang='lat' dir='ltr'><strong>„Die</strong></span> <span class='ocrx_word' id='word_1_139' title='bbox 356 3098 407 3174; x_wconf 88' lang='lat' dir='ltr'><strong>ait,</strong></span> <span class='ocrx_word' id='word_1_140' title='bbox 429 3099 536 3160; x_wconf 82' lang='lat' dir='ltr'><strong>auxilii</strong></span> <span class='ocrx_word' id='word_1_141' title='bbox 557 3099 672 3182; x_wconf 88' lang='lat' dir='ltr'><strong>possim</strong></span> <span class='ocrx_word' id='word_1_142' title='bbox 693 3099 766 3180; x_wconf 87' lang='lat' dir='ltr'><strong>quid</strong></span> <span class='ocrx_word' id='word_1_143' title='bbox 788 3100 872 3160; x_wconf 82' lang='lat' dir='ltr'><strong>ferre</strong></span> <span class='ocrx_word' id='word_1_144' title='bbox 894 3097 979 3159; x_wconf 86' lang='lat' dir='ltr'><strong>fideli</strong></span> 
     </span>
     <span class='ocr_line' id='line_1_26' title="bbox 243 3199 1004 3283; baseline 0 -21"><span class='ocrx_word' id='word_1_145' title='bbox 243 3199 438 3282; x_wconf 84' lang='lat' dir='ltr'><strong>„Ablutoque</strong></span> <span class='ocrx_word' id='word_1_146' title='bbox 459 3202 528 3264; x_wconf 81' lang='lat' dir='ltr'><strong>viro</strong></span> <span class='ocrx_word' id='word_1_147' title='bbox 550 3201 664 3264; x_wconf 83' lang='lat' dir='ltr'><strong>Christi</strong></span> <span class='ocrx_word' id='word_1_148' title='bbox 683 3201 875 3283; x_wconf 88' lang='lat' dir='ltr'><strong>baptismatis</strong></span> <span class='ocrx_word' id='word_1_149' title='bbox 896 3199 1004 3262; x_wconf 81' lang='lat' dir='ltr'><strong>unda?</strong></span> 
     </span>
     <span class='ocr_line' id='line_1_27' title="bbox 242 3301 1133 3386; baseline 0.001 -22"><span class='ocrx_word' id='word_1_150' title='bbox 242 3301 298 3378; x_wconf 85' lang='lat' dir='ltr'><strong>„Si</strong></span> <span class='ocrx_word' id='word_1_151' title='bbox 318 3322 405 3364; x_wconf 84' lang='lat' dir='ltr'><strong>meuc</strong></span> <span class='ocrx_word' id='word_1_152' title='bbox 426 3323 496 3364; x_wconf 88' lang='lat' dir='ltr'><strong>esse</strong></span> <span class='ocrx_word' id='word_1_153' title='bbox 518 3305 611 3386; x_wconf 89' lang='lat' dir='ltr'><strong>cupit,</strong></span> <span class='ocrx_word' id='word_1_154' title='bbox 633 3303 756 3385; x_wconf 85' lang='lat' dir='ltr'><strong>scriptis</strong></span> <span class='ocrx_word' id='word_1_155' title='bbox 778 3302 994 3385; x_wconf 80' lang='lat' dir='ltr'><strong>Christumque</strong></span> <span class='ocrx_word' id='word_1_156' title='bbox 1005 3301 1133 3382; x_wconf 83' lang='lat' dir='ltr'><strong>negabit</strong></span> 
     </span>
     <span class='ocr_line' id='line_1_28' title="bbox 158 3399 960 3489; baseline 0.002 -25"><span class='ocrx_word' id='word_1_157' title='bbox 158 3399 416 3485; x_wconf 78' lang='lat' dir='ltr'><strong>115.„11uusque</strong></span> <span class='ocrx_word' id='word_1_158' title='bbox 437 3404 608 3488; x_wconf 88' lang='lat' dir='ltr'><strong>puellarem</strong></span> <span class='ocrx_word' id='word_1_159' title='bbox 629 3407 747 3489; x_wconf 87' lang='lat' dir='ltr'><strong>pariter</strong></span> <span class='ocrx_word' id='word_1_160' title='bbox 769 3406 960 3485; x_wconf 77' lang='lat' dir='ltr'><strong>genitricem,</strong></span> 
     </span>
     <span class='ocr_line' id='line_1_29' title="bbox 244 3505 1164 3592; baseline -0.003 -24"><span class='ocrx_word' id='word_1_161' title='bbox 244 3505 327 3584; x_wconf 86' lang='lat' dir='ltr'><strong>„Per</strong></span> <span class='ocrx_word' id='word_1_162' title='bbox 349 3510 435 3590; x_wconf 86' lang='lat' dir='ltr'><strong>cujus</strong></span> <span class='ocrx_word' id='word_1_163' title='bbox 457 3513 581 3592; x_wconf 86' lang='lat' dir='ltr'><strong>partum</strong></span> <span class='ocrx_word' id='word_1_164' title='bbox 601 3509 702 3592; x_wconf 88' lang='lat' dir='ltr'><strong>patior</strong></span> <span class='ocrx_word' id='word_1_165' title='bbox 722 3509 848 3570; x_wconf 90' lang='lat' dir='ltr'><strong>nimium</strong></span> <span class='ocrx_word' id='word_1_166' title='bbox 870 3525 968 3585; x_wconf 84' lang='lat' dir='ltr'><strong>grave</strong></span> <span class='ocrx_word' id='word_1_167' title='bbox 991 3506 1164 3585; x_wconf 85' lang='lat' dir='ltr'><strong>dampnum,</strong></span> 
     </span>
     <span class='ocr_line' id='line_1_30' title="bbox 242 3609 915 3686; baseline 0.003 -16"><span class='ocrx_word' id='word_1_168' title='bbox 242 3609 355 3686; x_wconf 91' lang='lat' dir='ltr'><strong>„Illum</strong></span> <span class='ocrx_word' id='word_1_169' title='bbox 376 3613 519 3674; x_wconf 89' lang='lat' dir='ltr'><strong>continuo</strong></span> <span class='ocrx_word' id='word_1_170' title='bbox 541 3615 657 3676; x_wconf 79' lang='lat' dir='ltr'><strong>virtute</strong></span> <span class='ocrx_word' id='word_1_171' title='bbox 677 3629 748 3672; x_wconf 89' lang='lat' dir='ltr'><strong>mea</strong></span> <span class='ocrx_word' id='word_1_172' title='bbox 768 3611 915 3673; x_wconf 83' lang='lat' dir='ltr'><strong>relevabo</strong></span> 
     </span>
     <span class='ocr_line' id='line_1_31' title="bbox 244 3709 1083 3797; baseline -0.004 -24"><span class='ocrx_word' id='word_1_173' title='bbox 244 3713 367 3794; x_wconf 80' lang='lat' dir='ltr'><strong>„Atque</strong></span> <span class='ocrx_word' id='word_1_174' title='bbox 391 3715 485 3776; x_wconf 87' lang='lat' dir='ltr'><strong>decus</strong></span> <span class='ocrx_word' id='word_1_175' title='bbox 506 3717 578 3776; x_wconf 87' lang='lat' dir='ltr'><strong>talis</strong></span> <span class='ocrx_word' id='word_1_176' title='bbox 599 3717 763 3797; x_wconf 85' lang='lat' dir='ltr'><strong>praestabo</strong></span> <span class='ocrx_word' id='word_1_177' title='bbox 784 3715 928 3795; x_wconf 85' lang='lat' dir='ltr'><strong>patenter</strong></span> <span class='ocrx_word' id='word_1_178' title='bbox 949 3709 1083 3784; x_wconf 81' lang='lat' dir='ltr'><strong>honoris,</strong></span> 
     </span>
     <span class='ocr_line' id='line_1_32' title="bbox 245 3813 1063 3899; baseline -0.004 -23"><span class='ocrx_word' id='word_1_179' title='bbox 245 3816 395 3891; x_wconf 89' lang='lat' dir='ltr'><strong>„Praesul</strong></span> <span class='ocrx_word' id='word_1_180' title='bbox 417 3819 453 3880; x_wconf 91' lang='lat' dir='ltr'><strong>ut</strong></span> <span class='ocrx_word' id='word_1_181' title='bbox 475 3818 542 3899; x_wconf 84' lang='lat' dir='ltr'><strong>ipse</strong></span> <span class='ocrx_word' id='word_1_182' title='bbox 566 3819 630 3880; x_wconf 88' lang='lat' dir='ltr'><strong>suis</strong></span> <span class='ocrx_word' id='word_1_183' title='bbox 652 3837 714 3880; x_wconf 91' lang='lat' dir='ltr'><strong>non</strong></span> <span class='ocrx_word' id='word_1_184' title='bbox 736 3815 948 3879; x_wconf 88' lang='lat' dir='ltr'><strong>contradicere</strong></span> <span class='ocrx_word' id='word_1_185' title='bbox 966 3813 1063 3896; x_wconf 81' lang='lat' dir='ltr'><strong>jussis</strong></span> 
     </span>
     <span class='ocr_line' id='line_1_33' title="bbox 161 3914 983 4002; baseline -0.001 -22"><span class='ocrx_word' id='word_1_186' title='bbox 161 3914 232 3981; x_wconf 84' lang='lat'>120.</span> <span class='ocrx_word' id='word_1_187' title='bbox 246 3917 419 4002; x_wconf 69' lang='lat' dir='ltr'><strong>„apponat</strong></span> <span class='ocrx_word' id='word_1_188' title='bbox 442 3939 574 3984; x_wconf 88' lang='lat' dir='ltr'><strong>cernens</strong></span> <span class='ocrx_word' id='word_1_189' title='bbox 596 3941 702 3984; x_wconf 85' lang='lat' dir='ltr'><strong>omnes</strong></span> <span class='ocrx_word' id='word_1_190' title='bbox 722 3921 768 3982; x_wconf 91' lang='lat' dir='ltr'><strong>illi</strong></span> <span class='ocrx_word' id='word_1_191' title='bbox 789 3919 983 3993; x_wconf 84' lang='lat' dir='ltr'><strong>famulantes,</strong></span> 
     </span>
    </p>
   </div>
   <div class='ocr_carea' id='block_1_5' title="bbox 161 4107 342 4122">
    <p class='ocr_par' dir='ltr' id='par_1_14' title="bbox 161 4107 342 4122">
     <span class='ocr_line' id='line_1_34' title="bbox 161 4107 342 4122; baseline -0.011 0"><span class='ocrx_word' id='word_1_192' title='bbox 161 4107 342 4122; x_wconf 55' lang='grc' dir='ltr'><strong>,μαι-ι...-</strong></span> 
     </span>
    </p>
   </div>
   <div class='ocr_carea' id='block_1_6' title="bbox 185 4191 1308 4266">
    <p class='ocr_par' dir='ltr' id='par_1_15' title="bbox 185 4191 1308 4266">
     <span class='ocr_line' id='line_1_35' title="bbox 185 4191 1308 4266; baseline 0 -10"><span class='ocrx_word' id='word_1_193' title='bbox 185 4203 466 4262; x_wconf 53' lang='lat' dir='ltr'><strong>manuascae</strong></span> <span class='ocrx_word' id='word_1_194' title='bbox 492 4209 614 4256; x_wconf 57' lang='lat' dir='ltr'><strong>ballerin</strong></span> <span class='ocrx_word' id='word_1_195' title='bbox 635 4201 817 4264; x_wconf 76' lang='lat' dir='ltr'><strong>nee,c.e.s.</strong></span> <span class='ocrx_word' id='word_1_196' title='bbox 847 4200 1034 4266; x_wconf 52' lang='lat' dir='ltr'><strong>§.pientii</strong></span> <span class='ocrx_word' id='word_1_197' title='bbox 1065 4203 1190 4258; x_wconf 59' lang='lat' dir='ltr'><strong>illini·</strong></span> <span class='ocrx_word' id='word_1_198' title='bbox 1305 4191 1308 4198; x_wconf 27' lang='grc' dir='ltr'>Ι</span> 
     </span>
    </p>
   </div>
   <div class='ocr_carea' id='block_1_7' title="bbox 226 4277 1119 4356">
    <p class='ocr_par' dir='ltr' id='par_1_16' title="bbox 226 4277 1119 4356">
     <span class='ocr_line' id='line_1_36' title="bbox 226 4277 1119 4356; baseline -0.003 -32"><span class='ocrx_word' id='word_1_199' title='bbox 226 4279 404 4356; x_wconf 56' lang='grc' dir='ltr'><strong>ἀιδιιιι,.Μ.ς</strong></span> <span class='ocrx_word' id='word_1_200' title='bbox 420 4280 443 4322; x_wconf 80' lang='lat' dir='ltr'><strong>l‘.</strong></span> <span class='ocrx_word' id='word_1_201' title='bbox 458 4283 561 4336; x_wconf 75' lang='lat' dir='ltr'><strong>corrigis-t</strong></span> <span class='ocrx_word' id='word_1_202' title='bbox 577 4285 598 4323; x_wconf 86' lang='lat' dir='ltr'><strong>ln</strong></span> <span class='ocrx_word' id='word_1_203' title='bbox 614 4281 775 4326; x_wconf 75' lang='lat' dir='ltr'><strong>residebat.</strong></span> <span class='ocrx_word' id='word_1_204' title='bbox 805 4281 841 4324; x_wconf 76' lang='grc'><strong>105</strong></span> <span class='ocrx_word' id='word_1_205' title='bbox 856 4279 1017 4331; x_wconf 68' lang='lat' dir='ltr'><strong>enarrantis,</strong></span> <span class='ocrx_word' id='word_1_206' title='bbox 1033 4279 1063 4322; x_wconf 79' lang='lat' dir='ltr'><strong>al.</strong></span> <span class='ocrx_word' id='word_1_207' title='bbox 1114 4277 1119 4286; x_wconf 91' lang='lat'>&#39;</span> 
     </span>
    </p>
   </div>
   <div class='ocr_carea' id='block_1_8' title="bbox 945 4335 984 4408">
    <p class='ocr_par' dir='ltr' id='par_1_17' title="bbox 945 4335 984 4408">
     <span class='ocr_line' id='line_1_37' title="bbox 945 4335 984 4408; baseline 0 -34"><span class='ocrx_word' id='word_1_208' title='bbox 945 4335 984 4408; x_wconf 45' lang='grc' dir='ltr'><strong>ρ’*</strong></span> 
     </span>
    </p>
   </div>
   <div class='ocr_carea' id='block_1_9' title="bbox 0 0 1572 4896">
    <p class='ocr_par' dir='ltr' id='par_1_18' title="bbox 0 0 1572 4896">
     <span class='ocr_line' id='line_1_38' title="bbox 0 0 1572 4896; baseline 0 0"><span class='ocrx_word' id='word_1_209' title='bbox 0 0 1572 4896; x_wconf 95' lang='lat' dir='ltr'><strong> </strong></span> 
     </span>
    </p>
   </div>
  </div>
 </body>
</html>
