3134 4896
781 497 999 570 ..14-

351 717 354 724 ·
463 695 540 775 „Oui
560 697 676 779 placuit
696 697 824 778 stirpem
845 696 932 758 vobis
956 693 1127 756 oonoedere
1148 693 1251 764 telem,

377 798 447 865 190.
459 799 614 877 „Qualem
634 802 777 882 percerte
799 817 964 878 numquam
984 799 1114 858 tenuere
1135 796 1313 878 prophetes,

461 903 597 982 „Omnes
620 903 711 964 eleoti
731 905 801 985 post
822 902 899 962 haee
920 921 982 962 non
1004 901 1077 960 sunt
1096 899 1258 960 habituri.“

500 1006 551 1068 Ad
573 1026 664 1086 quem
684 1005 842 1087 promissis
865 1003 885 1066 J
886 1005 1004 1066 oeohim
1025 1003 1159 1064 laetatus
1178 1001 1210 1062 in
1238 1000 1317 1062 illis:

455 1108 509 1187 „si
529 1110 603 1170 mihi
624 1111 709 1170 oerte
729 1111 782 1169 tuo
805 1110 928 1168 meneot
950 1110 1003 1168 tue
1026 1106 1128 1186 gretie
1150 1123 1251 1180 servo,

457 1211 526 1288 „nd
548 1213 669 1292 tempus
692 1210 825 1289 dignare
846 1229 914 1271 meo
935 1209 1132 1288 requiescere
1153 1210 1246 1280 teoto,

376 1311 447 1377 195.
459 1313 520 1390 „Et
541 1316 668 1392 gustare
692 1313 792 1373 cibum
814 1331 875 1372 non
898 1312 1068 1390 dedignere
1089 1313 1259 1391 peretum.“

497 1416 637 1494 Angelus
660 1433 678 1475 e
700 1417 807 1476 eontra
829 1415 951 1476 dicebat
971 1433 1048 1474 vooe
1071 1413 1200 1474 deeora:

456 1517 598 1595 „Desine
620 1535 722 1599 poseo,
745 1535 847 1578 meum
868 1518 939 1598 post
960 1516 1038 1576 haee
1059 1518 1091 1576 te
1115 1515 1219 1575 dioere
1241 1533 1375 1590 servum,

456 1619 555 1698 „Esse
578 1621 634 1680 sed
656 1620 815 1699 engelioee
836 1623 1009 1680 consortem
1030 1618 1146 1680 credito
1168 1619 1305 1694 turmoe3

433 1723 551 1799 ¹„Nem
572 1722 646 1783 mihi
666 1724 800 1784 terrenis
823 1741 899 1802 opus
923 1723 1052 1782 estnon
1074 1721 1196 1782 vescier
1218 1721 1307 1795 esois,

367 1823 439 1888 200.
450 1825 571 1902 „Quem
592 1825 691 1906 pesoit
711 1825 834 1888 Domini
854 1843 976 1905 semper
997 1824 1174 1904 praesentia
1196 1821 1314 1883 summi.

456 1926 673 2009 ‚Quapropter
693 1945 812 2001 moneo,
834 1926 963 1988 Domino
984 1925 1127 1988 libamine
1149 1943 1238 1987 seoro

456 2028 544 2105 „Hoo
564 2031 597 2090 te
619 2030 711 2104 ferre,
734 2031 810 2090 meis
833 2029 949 2108 satagis
972 2029 1054 2109 quod
1075 2047 1192 2109 ponere
1213 2027 1379 2088 mensis.“-

454 2129 516 2202 Qui
537 2131 616 2192 situs
638 2131 813 2192 ennioulum
835 2133 983 2210 gregibus
1007 2133 1206 2192 subtraxerat
1235 2149 1358 2209 egnum,

456 2233 591 2315 Spemne
613 2233 808 2314 obprobrium
828 2233 941 2296 Ruben
963 2251 1102 2295 oessesse
1124 2236 1288 2308 vetustum,

371 2331 597 2398 mommolus
618 2337 651 2396 et
671 2335 799 2398 Domino
822 2337 948 2416 gavisus
969 2344 1095 2418 peotore
1116 2338 1208 2412 laeto,

453 2437 592 2518 Ignibus·
606 2437 760 2519 oppositis,
782 2441 817 2502 ut
838 2439 931 2502 hebet
951 2441 1129 2522 praeceptio
1150 2439 1238 2519 legis.

452 2540 603 2620 Angelus,
625 2541 673 2601 his
694 2541 784 2618 votis,
806 2545 842 2604 ut
859 2543 961 2623 jussit,
982 2544 1041 2604 rite
1062 2543 1205 2625 pensetis,

456 2643 574 2704 Alteris
596 2643 679 2704 fumo
701 2644 840 2706 sublatus
862 2647 966 2726 pergit
986 2645 1027 2706 sd
1049 2648 1141 2707 estre.

493 2743 561 2806 Iam
579 2747 655 2806 tuno
677 2746 836 2808 elementis
857 2748 1005 2828 paulatim
1026 2749 1127 2827 gratie
1147 2747 1249 2808 Petris

365 2843 437 2909 210.
447 2845 569 2928 incepit
589 2847 683 2908 radiis
704 2850 816 2910 mundo
838 2851 997 2911 luoessere
1019 2851 1111 2910 oleris

448 2948 552 3028 Atque
574 2949 658 3028 prior
679 2951 820 3012 stabilem
841 2953 993 3014 discordie
1015 2969 1138 3012 sumere
1157 2952 1258 3027 finem,

448 3047 603 3112 (lomene
625 3051 775 3113 coelestes
797 3054 927 3134 primum
949 3053 1101 3116 consortie
1123 3055 1207 3115 oives

449 3152 530 3215 Olim
551 3153 726 3233 terrigenos
748 3156 966 3236 promittebant
986 3157 1153 3231 habituros,

448 3253 534 3326 Quos
556 3255 642 3336 prins
664 3275 681 3316 e
702 3258 941 3321 mentiendum
962 3277 1111 3340 sprevere
1132 3258 1278 3340 parentis.

363 3353 436 3418 215.
447 3357 515 3420 Neo
536 3358 626 3418 latuit
647 3361 722 3420 tuno
744 3361 917 3439 engolionm
939 3363 1100 3424 elementia
1123 3366 1243 3425 ooetum

447 3457 644 3542 omnipatris,
665 3462 822 3544 proprium
844 3464 896 3544 qui
916 3483 989 3528 mox
1009 3470 1079 3548 post
1100 3470 1239 3548 temporo
1259 3468 1366 3529 natum

354 3595 357 3602 .
447 3559 574 3624 Mittere
594 3564 770 3644 virgineum
791 3567 941 3628 miserens
963 3567 1096 3650 disponit
1116 3570 1148 3630 in
1170 3570 1282 3644 alvum,

446 3663 498 3742 Ut,
522 3666 588 3728 sine
609 3668 757 3750 prinoipio
778 3673 870 3731 notus
892 3670 931 3730 de
952 3671 1046 3732 Petne
1067 3689 1218 3752 supremo,

446 3765 580 3831 (tenuem
600 3770 742 3850 virgineo
764 3773 821 3833 snb
844 3774 981 3854 tempore
1004 3778 1140 3836 sumeret
1159 3779 1238 3852 alvo,

358 3919 539 3936 m

386 4005 431 4050 189·
448 3999 671 4060 plreet‚0.e.8.
700 4005 744 4050 193.
767 4003 799 4053 Μ.
816 4005 987 4066 ursprduglleb:
1008 4005 1032 4055 Sl
1047 4013 1160 4055 tuereris
1173 4015 1212 4056 too
1227 4011 1383 4056 antetuli!
1458 4055 1461 4058 .

449 4073 521 4129 grube
534 4087 612 4126 terror
626 4076 661 4118 dle
675 4075 921 4131 Umslellnogsreleben
940 4081 981 4122 nui
994 4085 1033 4124 too
1046 4083 1090 4124 und
1107 4083 1161 4124 mibi
1174 4083 1223 4124 sind
1237 4083 1277 4128 elo.
1305 4082 1329 4125 1³.
1344 4083 1383 4125 liet

448 4143 562 4186 disselbee
576 4145 780 4200 ruberdekrlebtlgl
799 4147 909 4201 gelestre.
938 4150 982 4194 166.
998 4145 1060 4192 ohne
1077 4152 1166 4204 neustr,
1186 4153 1211 4194 c.
1224 4153 1271 4196 2⁰9.
1288 4151 1324 4209 ()
1347 4161 1381 4194 ιιι

456 4214 516 4268 tuor,
532 4212 556 4258 c.
574 4211 670 4273 ςθιιιιι
690 4217 749 4270 tnnc,
764 4214 802 4266 84
817 4227 902 4271 nune,
917 4217 942 4263 Ρ.
969 4215 1014 4262 21⁰.
1032 4218 1201 4276 terestres,
1215 4219 1301 4268 ΜΒ.
