3144 4888
563 483 617 500 --
653 445 715 516 159
757 478 802 501 ·-

170 712 196 776 O
218 716 250 775 te
271 711 327 773 tali
348 711 490 794 opinione
512 624 763 774 feumdiiiddo
784 711 910 773 testaris
931 714 964 773 te
984 731 1094 774 rernm
1116 711 1197 774 olui-

165 817 316 879 stioolam.
607 894 761 909 -ῴ

538 977 839 1049 Constantinus.

171 1073 324 1148 Admiror,
347 1092 364 1134 ο
385 1072 514 1147 milites,
545 1093 600 1133 our
623 1070 802 1134 Gallicanus
824 1074 888 1132 tam
910 1069 961 1135 diu
984 1091 1018 1132 sa
1041 1071 1202 1134 subtrahat

171 1178 285 1238 nostris
306 1177 528 1256 conspectibus,

172 1365 216 1428 Ut
237 1367 345 1425 urbem
365 1365 502 1440 intravit,
525 1277 881 1443 gresddrirhridsdomum
903 1363 1001 1425 saneti
1022 1363 1109 1425 Petri
1131 1383 1201 1425 oon-

175 1469 233 1529 oite
256 1469 395 1543 tetendit,
418 1470 655 1546 terratenusque
678 1469 850 1546 prostratus
873 1487 928 1549 pro
957 1469 1084 1548 recepta
1105 1465 1201 1528 ricto·
1240 1537 1244 1550 .

173 1572 221 1632 ria
243 1573 350 1650 grates
371 1571 520 1652 impendit
541 1569 726 1630 Altithrono.

534 1669 838 1734 Constantinus.¹

176 1757 380 1822 Gallioanus?

609 1842 771 1906 Milites.

175 1928 257 2011 Ipsa.

538 2011 841 2076 Constantinus.
935 2044 938 2052 r

174 2099 370 2163 Incredibile.

608 2184 775 2247 Milites.

175 2273 235 2349 En,
259 2271 386 2334 aceedit.
429 2271 537 2353 Ipsum
557 2271 826 2353 potessoisoitari.

545 2441 849 2505 Constantinus.

176 2530 238 2592 Diu
259 2533 304 2605 te,
329 2527 504 2607 Gallicano,
536 2530 679 2603 sustinui,
712 2531 747 2590 ut
768 2529 892 2590 modum
913 2526 1091 2608 exitumque
1114 2545 1221 2608 expe,

177 2633 259 2694 rirer
280 2635 397 2714 proelii.

570 2715 819 2782 Gallicanus.

177 2803 286 2866 Dicam
309 2805 460 2884 digestim.

547 2887 850 2951 Constantinus.

177 2975 250 3037 Hoo
268 2977 391 3037 interim
409 2976 620 3058 parvipendo,
633 2995 692 3055 quo
704 2975 866 3052 edisseras,
879 2974 961 3056 quod
976 2972 1075 3053 magis
1088 2973 1211 3054 exopto.

571 3075 819 3139 Gallicanus.

180 3164 265 3234 Quid
287 3165 359 3225 est?

550 3246 851 3329 Constantinus.

100 3413 105 3420 Ι
179 3332 242 3396 Cur
263 3335 364 3396 iturus
386 3335 513 3396 deorum
535 3337 659 3417 templa,
683 3337 714 3396 et
735 3340 899 3397 reuertens
921 3335 1055 3398 intrares
1076 3334 1209 3418 Aposto-

178 3438 280 3512 lorum
300 3440 407 3499 teuta?

576 3521 820 3586 Gallicanus.

179 3608 311 3688 Rogas?

543 3691 844 3759 Constantinus.

181 3777 318 3842 Curiose.

571 3863 822 3928 Gallicanus.

180 3949 321 4033 Expono.

550 4035 853 4102 constantinus.

182 4120 314 4204 Exopto.
