3122 4894
779 403 1016 477 —226-

388 599 458 664 quo,
481 579 620 662 deposito
641 582 779 664 tegmine
800 582 968 664 religionis,
983 583 1082 666 ipsam
1103 583 1214 646 adeam
1236 586 1293 649 sub
1316 588 1427 670 speeie

387 687 541 748 amatoris.
555 683 596 768 ⁸⁵)
1030 679 1034 688 '

820 771 989 834 Amicus.

386 855 470 920 Eece
493 857 602 919 omnia.

805 942 1007 1004 Abraham.

388 1045 535 1123 Obsecro,
558 1043 634 1106 affer
657 1053 689 1107 et
709 1045 833 1126 pileum,
857 1067 917 1126 quo
940 1064 1083 1107 eoronam
1104 1047 1208 1110 velem
1231 1049 1351 1130 eapitis,

819 1147 989 1210 Amicus,

387 1252 458 1314 Hoc
476 1251 612 1314 maxime
636 1271 712 1334 opus
736 1252 792 1328 esi,
815 1271 855 1311 ne
877 1253 1065 1330 agnoscaris.

799 1352 1006 1416 Abraham.

389 1457 482 1533 Quid,
501 1457 527 1518 si
549 1477 644 1518 unum
667 1457 805 1532 solidum,
825 1477 917 1537 quem
939 1458 1046 1536 habeo,
1061 1477 1182 1520 meeum
1203 1457 1339 1536 afferam,
1363 1481 1424 1540 quo

388 1561 557 1623 stabulario
579 1580 635 1641 pro
657 1560 800 1620 mercede
823 1561 979 1622 tribuam?

817 1661 986 1724 Amioua.

387 1765 490 1829 Aliter
512 1767 553 1828 ad
574 1765 759 1847 colloquium
780 1763 900 1826 Mariae
922 1786 984 1827 uon
1005 1767 1094 1847 potes
1115 1767 1290 1848 pervenire.

799 1987 1007 2049 Abraham.

390 2090 493 2167 Salve,
514 2092 595 2151 bono
618 2089 800 2152 stabularie!
814 2089 854 2171 ³⁶)

571 2271 573 2276 Ι
771 2192 1038 2255 stabularius.

390 2296 467 2368 Quis
489 2296 648 2377 loquitur?
670 2295 804 2378 Hospes,
826 2297 921 2356 salve.

805 2399 1009 2464 Abraham.

389 2501 488 2566 Estne
509 2504 591 2586 apud
612 2505 644 2566 le
665 2502 752 2564 loous
774 2502 886 2564 uiatori
907 2502 947 2562 ad
968 2502 1211 2584 pernoctandum
1233 2501 1350 2582 aptus?

772 2604 1039 2666 stabularius.

390 2711 448 2773 Est
470 2711 579 2793 plane3
601 2711 708 2773 nostra
730 2709 893 2792 hospitiola
914 2709 992 2770 nulli
1014 2710 1086 2770 sunl
1106 2708 1259 2788 neganda.

802 2812 1008 2874 Abraham.

303 2921 311 2930 ·
389 2899 568 2962 Laudabile.

773 2980 1041 3044 stabularius.

388 3087 488 3163 Intra,
509 3088 545 3148 ul
565 3085 621 3147 libi
640 3083 896 3166 praepeti-aluum
919 3100 1023 3146 ooena.

800 3187 1007 3251 Abraham.

388 3287 522 3369 Magnas
545 3289 600 3351 tibi
622 3309 677 3372 pro
699 3290 790 3353 hilari
812 3293 1008 3375 susceptione
1022 3289 1218 3374 (grabius)³⁸)
1240 3289 1348 3366 debeo,
1364 3287 1419 3349 sed

392 3393 493 3456 adhue
514 3394 632 3476 majora
653 3413 672 3456 a
694 3397 725 3457 le
748 3399 871 3477 expeto.

771 3497 1038 3562 Siabularius.

391 3597 480 3672 Quae
502 3601 599 3677 voles,
620 3604 657 3663 ul
678 3621 895 3664 concessurum
917 3603 1063 3682 efflagita.

389 3718 571 3731 ——un—

417 3769 456 3824 ³5)
471 3769 624 3820 amatorie,
639 3765 736 3808 welches
750 3763 789 3808 dee
804 3767 871 3809 lelzte
885 3766 950 3810 Wort
963 3767 1005 3810 auf
1016 3763 1050 3809 Bl.
1066 3769 1093 3810 85
1107 3779 1120 3809 ιι
1134 3768 1173 3809 dee
1189 3767 1262 3809 Codex
1276 3767 1324 3807 selu
1344 3764 1417 3818 soille,

467 3837 542 3876 wurde
557 3847 606 3876 vom
623 3835 741 3876 Sebrelber
758 3847 894 3888 vergessen;
914 3837 956 3876 sub
978 3849 1054 3888 spem
1073 3838 1186 3890 amaturis,
1205 3837 1238 3890 l’.‚
1254 3835 1277 3879 0.
1293 3847 1315 3879 ιι.
1330 3833 1353 3875 S.
1380 3835 1418 3884 36)

467 3903 629 3956 stabulari,
644 3904 677 3956 0.,
691 3903 713 3944 S.
728 3915 749 3944 u.
764 3903 823 3956 ΜΗ
838 3904 1018 3957 stabulone,
1039 3906 1078 3946 dee
1092 3906 1181 3947 Reimee
1199 3917 1283 3958 weges,
1299 3917 1317 3944 s.
1332 3903 1355 3947 S.
1371 3903 1417 3946 ⁴229-

468 3971 532 4012 Zelle
543 3972 565 4013 1⁰
579 3972 645 4016 v.ob.
672 3973 709 4026 37)
724 3977 930 4026 praeparetur,
948 3973 980 4028 0.,
994 3973 1017 4018 S.
1032 3986 1055 4020 u.
1073 3975 1117 4028 ΜΕ.
1149 3976 1187 4029 38)
1203 3975 1329 4028 gruellus,
1343 3970 1417 4012 wurde

467 4040 526 4081 wohl
542 4051 592 4081 vom
607 4039 725 4082 Schrelber
740 4041 877 4099 obenehen,
890 4041 947 4084 fehlt
966 4043 1023 4084 eueb
1045 4044 1068 4085 ln
1088 4043 1128 4098 1³.;
1149 4044 1263 4098 Magne,
1282 4041 1340 4083 ohne
1358 4051 1416 4097 μα·

469 4109 544 4164 ΗΕΒ,
559 4107 592 4164 ce,
607 4109 631 4152 s·
644 4122 667 4155 lla
684 4109 730 4163 Mle
