3122 4894
546 448 600 472 ·--
642 419 794 488 201-

518 593 820 660 Andronichus.

160 701 356 763 Maturemus
368 719 520 780 gressum,
536 701 616 762 forte
638 701 728 780 new)
750 700 964 783 experierisin
978 699 1189 783 perventione,
1267 750 1271 756 .

164 804 247 885 quod
269 803 382 865 asseris
404 805 436 866 te
458 804 558 864 minus
580 805 773 882 intellegere.

565 1008 780 1071 lohannes

160 1112 200 1174 In
221 1111 343 1174 nomine
376 1109 498 1189 Christi,
529 1111 602 1193 quid
631 1115 680 1173 est
700 1113 768 1188 hoc,
797 1112 878 1192 quod
906 1112 997 1174 video
1024 1111 1188 1176 miraculi?

164 1213 257 1290 Ecce,
280 1218 386 1296 aperto
409 1217 572 1297 sepulchro
595 1234 707 1296 corpus
728 1215 900 1276 Drusianae
930 1215 1015 1276 foras
1038 1218 1086 1278 est
1108 1217 1188 1297 ejec-

158 1320 232 1392 tum,
245 1317 286 1398 ²⁴)
310 1319 402 1398 juxta
431 1319 513 1398 quod
538 1319 645 1400 jacent
667 1316 727 1380 dno
757 1318 919 1395 cadevera,
948 1319 1094 1402 amplexu
1124 1338 1188 1380 ser-

159 1420 263 1502 pentis
286 1421 493 1482 circumflexa.

528 1505 821 1568 Andronichus.

161 1605 317 1689 Oonjecto,
341 1609 415 1688 quid
438 1608 598 1688 significet.
642 1608 675 1669 Is
696 1609 763 1690 ipse
782 1607 975 1687 Oelimachns
997 1608 1189 1684 brecianam,

163 1713 235 1775 dnm
256 1711 387 1787 viveret,
410 1711 525 1773 inlicite
547 1711 671 1785 amavit,
701 1712 784 1792 quod
811 1712 865 1773 illa
894 1731 990 1792 aegre
1020 1713 1134 1788 ferens,
1156 1712 1188 1774 in

159 1815 278 1875 febrem
300 1833 375 1896 prae
397 1813 522 1876 tristitia
548 1814 656 1877 incidit
678 1820 710 1878 et
730 1816 868 1892 mortem,
891 1817 927 1876 ut
948 1815 1120 1889 adveniret,
1141 1813 1187 1878 in·.

161 1917 281 1978 vitavit.

561 2001 780 2066 lohannes

156 2104 227 2167 Hoc
249 2124 334 2168 amor
357 2105 506 2166 cast'tatis
529 2106 639 2185 coegit.

524 2207 820 2271 Andronichus.

157 2309 233 2372 Post
255 2311 343 2390 cujus
366 2328 509 2372 occasum
529 2311 579 2371 hic
595 2328 710 2387 emens,
732 2311 864 2372 infelicis
878 2312 1083 2392 lengnuorem
1105 2329 1187 2373 amo-

161 2407 205 2474 ris
228 2416 260 2475 et
281 2413 386 2492 negat'
417 2413 552 2474 taedium
581 2415 815 2492 conglomerans
845 2413 982 2489 sceleris,
1009 2413 1188 2476 tabescebat

161 2516 262 2578 animo
286 2536 382 2596 eoque
404 2517 503 2598 magis
526 2516 678 2578 desiderio
701 2517 870 2578 aestuabat.

562 2617 777 2680 lohannes
879 2699 882 2705 Ι

159 2701 346 2766 Miserabile.

525 2789 819 2852 Androniohus.

158 2892 228 2954 Non
251 2892 380 2972 ambigo,
403 2891 476 2973 quin
505 2891 587 2954 huno
609 2893 771 2974 inprobum
799 2911 925 2953 servum
952 2891 1095 2951 mercede
1118 2910 1188 2952 con-

159 2996 296 3071 duceret,
320 3016 378 3076 quo
401 2995 446 3057 illi
467 2995 612 3077 patrandi
634 2995 825 3057 occasionem
847 2993 992 3056 facinoris
1014 2995 1187 3075 praeberet.

567 3097 782 3159 lohannes

155 3200 182 3264 Ο
206 3201 296 3262 nefas
320 3201 571 3283 incomparabile!

527 3303 826 3366 Androniohus.

155 3407 232 3468 Ideo
255 3409 352 3484 ambo,
386 3412 420 3470 ut
442 3407 543 3483 video,
565 3409 663 3468 morte
686 3407 758 3467 sunt
780 3405 959 3488 consumpti,
981 3425 1021 3466 ne
1044 3405 1187 3466 effectum

155 3511 406 3574 administrarent
429 3511 548 3573 sceleri.

565 3611 779 3674 lohannes

155 3699 223 3761 Neo
243 3699 363 3780 injuria.

521 3783 815 3847 Andronichns.

154 3887 193 3949 ln
217 3887 275 3951 hoc
297 3891 399 3950 tamen
421 3887 498 3950 illud
521 3889 568 3950 est
590 3888 643 3949 vel
653 3887 695 3968 ²⁵)
716 3885 850 3948 maxime
873 3881 1099 3958 admirandum,
1134 3901 1189 3943 cur

157 4011 366 4020 μ--κ

178 4056 272 4110 mre,
292 4055 349 4098 fehlt
363 4057 385 4098 ln
400 4057 424 4100 (l.
440 4069 461 4098 u.
476 4055 500 4100 S.
526 4055 565 4109 nl)
582 4055 744 4107 abjectum,
766 4053 790 4096 C.
808 4066 830 4096 n.
849 4051 872 4094 S.
898 4048 1187 4106 nc)s1.lmu1‚(da·l

234 4127 274 4168 mit
290 4127 361 4168 elncm
376 4124 485 4170 flectirtcn
502 4123 588 4179 Stricb)
603 4124 651 4166 also
666 4124 709 4178 vel,
724 4123 768 4178 Mg.
785 4122 818 4164 las
833 4125 868 4164 ut.
