3144 4888
751 473 990 546 ..154-

775 652 967 716 Artemis.

361 731 441 812 Ave,
464 733 653 813 emanata,
674 736 841 819 imperialis
860 741 944 802 hera

751 839 1000 906 Constantia.

361 939 498 1018 salvete,
520 958 651 1018 sorores,
668 942 773 1006 Attica
796 947 827 1006 et
846 943 994 1008 Artemis.
1028 943 1123 1022 State,
1146 949 1236 1023 state,
1258 967 1298 1008 ue
1319 969 1389 1030 pro-

361 1043 480 1122 cidatis,
503 1045 560 1106 sod
581 1039 675 1108 libate
696 1045 771 1110 mihi
792 1049 929 1110 osculum
951 1050 1070 1111 amoris.

781 1150 995 1232 Artemis.¹

362 1248 462 1311 Tuum
493 1250 533 1311 ad
562 1251 753 1332 obsequium,
784 1253 902 1328 domna,
915 1253 956 1336 Μ)
987 1253 1084 1316 alacri
1113 1257 1216 1316 mente
1237 1254 1390 1332 venimus,

362 1355 436 1414 tuae
464 1353 571 1415 ditioni
600 1373 716 1416 summa
744 1355 907 1419 devotione
928 1377 986 1422 nos
1007 1359 1180 1434 subicimus,
1194 1358 1240 1438 ²⁷)
1261 1361 1390 1435 tantum,

360 1459 395 1520 ut
416 1459 470 1519 tua
491 1459 578 1519 nobis
599 1459 757 1525 habundet
778 1462 886 1539 gratia.
911 1463 915 1470 ’

748 1561 993 1630 Constantia.

360 1665 463 1729 Unum
485 1665 647 1728 Dominum
675 1668 823 1730 habemus
845 1670 877 1730 in
900 1670 1008 1742 coelis,
1043 1667 1092 1729 cui
1114 1667 1244 1730 debetur
1267 1647 1390 1730 ‹levotio

361 1772 485 1831 nostrae
515 1770 688 1846 servitutis,
721 1772 752 1832 in
781 1774 869 1853 cujus
897 1771 959 1832 fide
989 1773 1021 1831 et
1049 1771 1213 1831 dilectione
1243 1770 1392 1830 condecet

360 1891 418 1933 nos
440 1876 565 1932 servata
588 1874 723 1954 eorporis
752 1875 932 1954 integritate
963 1873 1148 1934 unanimiter
1175 1891 1390 1952 perseverare,

359 1976 395 2038 ut
415 1993 589 2038 mercamur
610 1977 714 2038 aulam
734 1977 876 2039 coelestis
898 1976 1018 2058 patriae
1040 1995 1110 2038 cum
1138 1976 1241 2057 palma
1262 1974 1391 2053 virgini-

359 2077 433 2140 tatis
452 2077 589 2140 introire.

778 2163 971 2226 Artemis.

360 2263 399 2326 In
429 2266 513 2327 nullo
543 2266 747 2341 reluctamur,
776 2268 831 2329 sed
859 2270 956 2330 testes
985 2266 1017 2326 in
1048 2267 1186 2328 omnibus
1216 2265 1391 2346 praeceptis

352 2387 472 2450 ‚parere
501 2368 641 2445 nitimur,
669 2371 834 2452 praecipue
866 2371 898 2432 in
927 2369 1083 2450 agnitione
1104 2369 1246 2432 veritatis
1274 2370 1305 2430 et
1326 2386 1391 2428 ser-

359 2472 484 2536 vandae
506 2473 661 2554 proposito
683 2467 899 2552 virginitatis*

751 2573 998 2638 Constantia.

361 2675 507 2758 Congrua
527 2678 601 2740 satis
624 2679 783 2758 responsio
804 2680 972 2756 vestraque
1000 2675 1192 2755 ingenuitate
1221 2672 1390 2752 condigna,

360 2801 419 2842 nec
439 2781 552 2856 dubito,
585 2781 657 2859 quin
687 2781 809 2842 divinae
831 2779 1031 2861 inspiratione
1055 2778 1175 2858 gratiae
1199 2778 1239 2854 ad
1261 2775 1389 2837 creden-

361 2884 433 2947 dum
455 2883 529 2946 estis
551 2883 783 2963 pertranseas)

777 2984 966 3046 Artemia.

361 3086 423 3158 Qui
444 3087 551 3167 posset
571 3085 647 3160 fieri,
676 3088 720 3162 ut,
750 3087 924 3148 servientes
953 3085 1051 3160 idolis,
1075 3103 1184 3148 sanum
1205 3101 1386 3164 saperemus

356 3191 427 3252 sine
449 3188 654 3250 illustratione
677 3207 830 3269 supernae
852 3188 1000 3268 pietatis?
1119 3171 1121 3176 Ι

749 3289 999 3353 Constantia.

361 3391 519 3456 stabilitas
542 3394 667 3455 vestrae
695 3393 767 3457 fidei
790 3414 877 3475 spem
906 3393 979 3454 mihi
1001 3393 1119 3454 excitat
1145 3391 1185 3452 do
1206 3389 1391 3455 credulitate

361 3493 523 3562 Gallicani.

783 3581 970 3644 Artemis.

358 3685 571 3754 Admoneatur
593 3686 729 3761 tontum3
751 3685 826 3746 haut
848 3684 980 3759 dubium,
1004 3683 1110 3746 credat
1132 3681 1212 3762 quin.
1224 3681 1265 3762 ²⁹)

748 3786 993 3848 Constantia.

358 3875 560 3937 Advooentur
585 3873 741 3935 Johannes
764 3878 796 3934 et
816 3871 940 3933 Paulus.

796 4043 950 4054 m

386 4127 565 4180 walamiro,
580 4126 604 4172 S.
620 4137 641 4169 u.
657 4125 702 4179 ug.
729 4121 1392 4179 ¹17)tubilustrium.n.S.;subJeeimus,Mg.

384 4195 650 4248 wperventurse,
669 4191 692 4235 S.
718 4195 757 4248 ¹29)
771 4193 824 4246 quin
841 4193 924 4244 eredat,
940 4191 972 4244 00,
989 4190 1011 4232 S.
1027 4202 1049 4230 u.
1063 4190 1094 4231 Μ.
1201 4211 1203 4216 ,
