3134 4896
757 447 962 522 hilo..

438 644 516 736 „Ea
538 645 624 736 quod
642 667 707 712 noa
726 645 818 732 lecit,
839 645 1012 732 sarciendos
1037 669 1098 715 nos
1118 645 1196 731 lore
1215 645 1320 712 dicit.

439 749 576 834 „Sponte
596 749 681 833 prior
700 749 807 811 mortis
828 748 908 810 subii
929 750 1103 812 discrimina
1123 749 1230 824 tristis,

441 853 525 931 „Ocu
545 857 651 936 pastor
670 871 775 928 verus,
795 851 895 914 cordis
916 853 1052 914 bonitate
1073 851 1182 928 fidelis,

439 958 519 1035 „Pro
539 955 672 1039 propriis
694 955 825 1016 animam
840 973 958 1037 ponens
980 956 1090 1018 ovibus
1109 957 1159 1038 pie
1181 973 1292 1016 caram.

441 1059 589 1137 „Necnon
610 1057 760 1140 complevi
781 1059 911 1120 multum
930 1058 1046 1139 pietate
1066 1057 1150 1120 fideli

372 1162 415 1228 65
429 1164 567 1241 „Omnia
589 1181 668 1245 quae
688 1163 778 1224 vates
798 1161 839 1222 de
853 1181 901 1222 me
922 1161 1031 1224 dixere
1051 1161 1188 1243 priores3

438 1268 501 1344 ,nt
519 1286 602 1328 nuno
622 1264 786 1338 descendo,
808 1264 924 1325 cinctus
945 1263 1061 1326 virtute
1082 1267 1222 1346 paterna,

441 1367 511 1447 „Ad
531 1367 656 1431 Patrem
677 1368 785 1442 vietor,
808 1387 958 1429 summum
977 1387 1070 1448 super
1092 1369 1200 1430 aethra
1219 1368 1361 1431 locatum.

438 1471 530 1550 „Sed
551 1492 612 1533 non
635 1469 753 1533 turbari
774 1470 883 1546 cordis,
905 1471 1176 1550 rogitabo-fidelis

438 1576 564 1654 „Vestri
584 1578 747 1650 secretum,
769 1574 839 1653 quia
859 1593 920 1634 non
940 1593 997 1634 vos
1010 1574 1090 1636 forte
1106 1573 1282 1656 relinquam

373 1677 422 1742 70.
438 1678 522 1755 „Ceu
542 1679 697 1740 desolatos
715 1678 746 1738 in
766 1677 880 1737 mundo
901 1695 1033 1756 namque
1054 1677 1206 1760 pupillos,

439 1781 547 1860 „Sacri
567 1781 731 1863 gratiolam
749 1779 836 1840 vobis
858 1777 913 1839 sed
934 1779 1063 1842 flaminis
1085 1781 1195 1842 almam

373 1875 396 1911 '⁴⁷
417 1875 425 1902 ³
437 1883 603 1960 „Emittam
623 1884 721 1957 citius,
744 1900 822 1963 quae
842 1901 899 1942 vos
918 1901 1028 1944 verum
1048 1884 1139 1945 docet
1158 1883 1257 1960 intus3

438 1977 591 2068 „insuper
610 1985 677 2068 ipse
699 1985 764 2046 dies
784 1981 943 2046 vobiscum
963 1986 1080 2047 scilieet
1101 2005 1206 2047 omnes
1226 2011 1231 2018 ·

439 2088 627 2162 „Finetenus
649 2107 758 2149 maneo
778 2090 883 2152 mundi
902 2110 959 2172 per
979 2091 1117 2170 tempora
1137 2091 1275 2151 cuncte.“

374 2188 423 2254 75.
481 2191 569 2254 Haeo
590 2191 642 2252 ubi
660 2191 742 2253 dicta
763 2192 856 2267 dedit,
877 2212 1046 2255 conversus
1068 2193 1200 2272 denique
1222 2192 1301 2253 dixit

438 2295 489 2358 Ad
510 2298 639 2356 matrem
659 2295 815 2377 propriam
834 2301 996 2360 mansueta
1015 2315 1102 2370 voce,
1123 2293 1271 2355 Mariam:

436 2393 522 2475 „Nec
543 2397 743 2486 contricione,
764 2397 873 2480 rogito,
895 2399 1088 2481 virguncula
1109 2387 1203 2472 caste,

437 2501 535 2580 „Cum
553 2522 603 2564 me
623 2504 802 2584 praecelsos
822 2503 930 2565 videas
951 2501 1120 2565 ascendere
1142 2501 1253 2574 coelos,

439 2607 504 2681 „Te
524 2605 596 2686 quia
612 2606 804 2687 praeclaram
824 2606 930 2668 mundi
949 2626 1009 2668 non
1030 2605 1134 2684 linquo
1153 2603 1311 2665 lucernam

371 2705 421 2773 80.
437 2709 559 2790 „Atque
582 2729 685 2771 meum
705 2711 845 2770 sanctum
865 2707 1002 2788 migrans
1023 2727 1083 2770 non
1106 2708 1216 2768 desero
1230 2707 1389 2789 templum,

437 2809 523 2887 „Neo
543 2812 753 2892 incorruptam
773 2811 857 2872 vitae
878 2812 997 2874 dimitto
1019 2829 1170 2885 coronam,

446 2913 577 2993 „Inveni
597 2913 694 2978 solam
713 2931 789 2994 prae
811 2915 929 2976 cunetis
950 2918 982 2975 te
1002 2914 1073 2995 qnia
1097 2917 1213 2975 castam

431 3014 727 3098 '„Condignemque,
747 3035 854 3077 meum
880 3035 992 3100 corpus
1014 3034 1182 3096 generasse
1207 3020 1372 3080 sacratum.

443 3117 564 3195 „Certe
586 3119 624 3178 de
645 3120 759 3180 mundo
782 3138 851 3180 cum
871 3122 902 3180 te
923 3119 1084 3181 discedere
1105 3119 1230 3194 mando,

379 3220 430 3286 85.
449 3220 518 3297 „Ad
539 3223 570 3282 te
593 3221 755 3283 coelicolas
775 3240 838 3283 non
858 3221 958 3286 solum
977 3224 1065 3286 mitto
1087 3231 1236 3297 catervas,

442 3325 534 3406 „ipse
558 3323 614 3384 sed
634 3323 804 3386 adveniens
821 3325 952 3388 animam
973 3347 1091 3390 sumam
1111 3325 1316 3400 benedictam,

441 3427 594 3504 „Multum
616 3428 681 3489 sole
703 3427 827 3509 quidem
846 3414 986 3492 rutilanti
1006 3431 1258 3513 splendidiorem,

442 3531 589 3609 „Necnon
609 3531 758 3612 angelicis
779 3532 943 3596 deductam
963 3535 1101 3597 suaviter
1120 3531 1241 3614 hymnis

443 3634 556 3710 „Ocius
577 3635 762 3714 astrigeram
782 3656 894 3719 ponem
912 3638 1100 3699 veneranter
1120 3633 1151 3696 in
1173 3635 1282 3697 aulam.

379 3735 429 3804 90.
446 3738 508 3814 ,At
526 3757 618 3814 nunc,
640 3737 814 3800 iohannem
833 3743 935 3800 tecum
953 3757 1115 3799 remanere
1135 3737 1274 3814 fidelem,

417 3827 422 3846 ⁸
446 3836 599 3924 „Impera
620 3839 672 3921 qui
693 3841 822 3921 gemmis
842 3839 943 3922 fulget
962 3841 1042 3902 bene
1061 3839 1257 3920 virginitatis,

361 4017 543 4040 fl-T'F'm

388 4098 422 4141 66.
436 4097 474 4140 Ae
491 4107 557 4149 nune,
572 4093 621 4138 Cn.
631 4092 654 4137 S.
669 4091 803 4146 natendo,
819 4093 841 4135 c.
852 4093 1185 4150 ras.descendere-weggeheu.
1210 4095 1244 4140 80.
1260 4094 1387 4150 deserta,

463 4165 493 4212 Μ.
508 4179 530 4210 u.
544 4165 577 4222 P.,
587 4164 668 4218 Μυσὴ
687 4164 789 4224 corrigit!
804 4163 827 4205 ln
841 4162 953 4207 desero.

465 4566 868 4815 W
932 4573 1160 4818 ss
