3134 4896
588 509 804 579 ...15-

176 703 254 770 220.
267 703 382 770 Omnes
405 707 499 786 atque
520 725 576 766 suo
598 705 735 766 salvaret
756 701 908 783 sanguine
929 721 1027 778 saure,

266 810 316 872 Ne
339 812 410 890 pest
430 809 508 870 haee
529 807 653 887 generis
675 806 800 868 hnmani
820 805 949 868 callidus
971 806 1068 867 hostis

266 909 425 973 Gauderut
444 912 590 972 mundum
610 909 729 990 laqueis
750 909 887 972 retinere
909 908 1061 986 malignis,

265 1012 328 1074 Sed
350 1013 451 1075 Patris
474 1016 504 1074 et
525 1013 606 1086 Nati,
629 1031 741 1073 numan
763 1030 883 1092 quoque
905 1010 1082 1074 Pnenmatis
1104 1009 1177 1071 almi

267 1115 400 1196 Aequali
421 1116 519 1177 forma
541 1115 662 1195 pollens
684 1115 740 1175 sub
763 1114 885 1176 nomine
905 1113 986 1175 trinu

181 1213 254 1280 225.
266 1217 436 1279 Finetenus
458 1218 599 1278 stabilem
620 1222 769 1294 regnaret
786 1217 858 1297 jure
879 1235 937 1296 per
959 1217 1072 1278 orbem.

309 1319 451 1399 Angelus
463 1319 649 1398 astrigerum
658 1320 821 1399 postquam
835 1319 1026 1380 transcendit
1045 1319 1208 1400 olympum,

263 1420 327 1482 Vix
348 1423 471 1502 patiens
493 1419 631 1484 Joaehim
652 1423 757 1480 tantae
777 1420 943 1500 praeconia
965 1438 1086 1496 causae,

263 1521 305 1584 Et
327 1527 428 1586 taetus
445 1523 551 1604 jaculo
571 1522 699 1584 terroris
721 1522 855 1602 denique
876 1540 997 1602 magno,

266 1625 388 1687 Stratus
409 1625 547 1706 adusque
569 1625 667 1686 solnm
689 1625 760 1686 doni
780 1625 896 1686 virtute
922 1623 1058 1705 superni,

176 1725 447 1790 230.Pertimidus
466 1728 563 1809 jacuit
584 1747 703 1788 necnon
726 1727 793 1788 sine
813 1729 917 1788 ruente
939 1727 1057 1807 quievit

263 1829 366 1911 Ipsius
388 1833 487 1905 sextu,
510 1831 542 1892 ni
562 1831 661 1906 fallor,
683 1831 764 1890 furta
787 1829 855 1905 diei,

263 1929 345 1992 Dum
366 1933 413 1994 sol
434 1952 533 2012 usqne
553 1951 643 1994 suum
665 1917 815 1993 uunnlusit
834 1949 967 2012 vespere
987 1950 1118 1992 sursum,

306 2033 433 2096 Interea
454 2035 543 2114 pueri
563 2036 716 2096 venerunt
738 2053 807 2094 eum
829 2052 928 2112 grege
949 2033 1033 2107 lassi,

266 2133 403 2217 Cumque
425 2155 513 2198 suum
536 2137 689 2198 dominum
710 2134 774 2198 tota
795 2136 903 2197 videre
921 2136 1064 2209 leuatum,

176 2233 434 2300 asncomminus
455 2239 614 2302 adstantes
636 2240 805 2319 coeperunt
826 2237 946 2298 discere
968 2239 1073 2300 tristes

269 2339 401 2402 Causam
421 2342 549 2404 terroris
570 2342 694 2402 turbata
715 2344 819 2401 mente
840 2340 984 2402 recentis.

268 2442 376 2524 Ipsum
397 2446 540 2525 percerte
562 2444 619 2506 sed
639 2444 694 2505 vix
715 2445 844 2524 potuere
867 2441 982 2504 levare.

267 2543 345 2615 Quis
368 2566 437 2608 uum
458 2546 600 2608 eoelestis
621 2546 781 2607 narrasset
801 2543 911 2606 nuntia
932 2543 1017 2619 uiris,

264 2645 437 2710 Suaserunt
457 2648 503 2710 ilii
521 2649 616 2728 jussis
637 2667 748 2730 parere
771 2647 914 2729 supernis

176 2745 242 2810 240
252 2748 294 2811 Et
315 2751 422 2832 rapido
443 2751 575 2832 patriam
596 2771 688 2812 eursu
709 2750 861 2831 repedare
882 2750 1029 2812 relietum.

264 2853 334 2930 Qui,
356 2855 504 2934 gregibus
525 2854 623 2930 lautis,
645 2853 732 2916 silvis
749 2853 896 2914 rancessit
917 2853 955 2913 ab
977 2852 1038 2914 illis

265 2956 312 3019 Aa
335 2957 475 3036 gaudens
497 2976 610 3038 pueros
631 2975 736 3033 suanm
757 2956 932 3018 deduxerat
950 2955 1041 3037 ipsos.

263 3056 306 3120 m
327 3077 397 3121 uum
417 3059 601 3121 transissent
621 3059 754 3140 spatium
774 3059 903 3138 triginta
924 3058 1051 3133 dierum,

264 3161 406 3241 Angelus
429 3162 529 3224 oranti
549 3168 674 3224 sanetae
696 3161 865 3242 comparuit
885 3161 996 3224 Annae

179 3260 252 3326 245.
263 3263 305 3326 Et
326 3285 395 3328 eum
415 3265 551 3347 panificia
573 3265 761 3346 deprompsit
779 3264 855 3326 talia
875 3263 995 3326 verbis:

265 3366 468 3448 ‚AExsnrgsns
490 3369 600 3442 animo,
620 3368 720 3428 vuitu·
732 3387 853 3447 quoque
875 3387 973 3448 perge
995 3383 1106 3428 sereno

266 3469 335 3544 „Ad
356 3472 477 3552 portam
497 3471 606 3547 subite,
630 3489 710 3551 quae
732 3470 843 3531 dieitur
865 3487 960 3530 aurea
982 3469 1094 3548 vulgum

265 3571 354 3649 „lilia
375 3573 455 3634 forte
476 3575 564 3636 tuum
585 3591 703 3634 summa
725 3591 794 3633 eum
814 3588 891 3652 psas
913 3589 1077 3632 reversum

264 3673 441 3754 „Lagnum
454 3676 608 3738 dominnm
628 3695 701 3736 mox
724 3673 892 3754 comperies
914 3674 981 3735 fure
1002 3671 1136 3734 νὶνιιιι),α

178 3772 251 3840 250.
264 3777 354 3848 Quae
377 3778 466 3842 eitius
489 3779 570 3841 dieto
589 3780 709 3862 jussum
731 3775 896 3858 eomplavit
917 3774 1087 3849 amandum,

268 3879 499 3963 Impatiensque
519 3899 623 3944 morae
644 3877 785 3963 perrexit
802 3879 844 3941 ad
864 3878 944 3950 ustis
964 3882 1081 3961 portae,

179 4047 332 4062 m
337 4049 358 4061 tu

194 4150 251 4204 ..m
268 4149 415 4203 salvarat,
432 4149 465 4194 M.
480 4151 542 4196 rui'.
557 4146 625 4204 vargi.
641 4145 777 4194 1..ta.1a.
804 4145 850 4196 234.
866 4146 936 4205 retu
949 4161 981 4195 aa.
997 4141 1069 4208 rerrtp
1082 4108 1207 4207 preuufl

270 4219 353 4274 suere,
368 4217 393 4262 Ο.
408 4229 431 4263 u.
445 4217 469 4264 8.
495 4218 543 4266 m
557 4219 740 4284 transisset,
760 4219 786 4266 c.
800 4226 823 4265 t·
835 4211 860 4264 Ι.
