3080 4892
453 1313 550 1406 Eoos
571 1361 660 1406 meae
682 1345 816 1428 supplex
836 1346 959 1409 humilis
981 1347 1104 1410 devotio
1124 1348 1237 1409 mentis

452 1443 572 1524 Gliscit,
594 1447 694 1510 felicis
716 1449 883 1532 primordia
904 1447 1186 1512 Gaudeshemeusis

450 1548 595 1614 Pandere
616 1552 763 1629 coenobii,
786 1554 868 1634 quod
888 1572 963 1615 cura
984 1573 1046 1616 non
1066 1554 1223 1636 pigritana

450 1648 662 1718 construxere
685 1655 780 1718 duces
803 1655 962 1718 Saxonum
980 1660 1052 1739 jura
1073 1661 1226 1739 potentes,

385 1749 415 1818 5.
447 1753 612 1820 Liudulfus
632 1777 773 1839 magnus,
796 1759 899 1822 clarus
921 1779 1043 1840 quoque
1065 1759 1146 1822 filins
1168 1763 1236 1842 ejus

450 1856 548 1938 oddo,
570 1859 623 1944 qni
645 1866 788 1946 coeptum
807 1862 939 1946 perfecit
961 1883 1038 1945 opus
1059 1867 1269 1926 memoratum.

451 2028 535 2094 Ordo
557 2051 640 2096 nnnc
661 2051 766 2096 rerum
788 2033 929 2116 deposcit
951 2035 1072 2098 debitus
1094 2036 1212 2111 henum,

448 2130 492 2198 Ut
513 2134 600 2216 prius
621 2135 753 2198 illustris
776 2137 963 2199 constructio
987 2135 1269 2200 Gaudeshemensis

446 2233 530 2320 Apto
552 2238 690 2302 coenobii
712 2239 869 2302 recinatur
892 2241 1027 2302 carmine
1049 2242 1156 2304 nostri.

382 2334 431 2402 10,
447 2337 539 2412 Quod
559 2359 632 2403 nam
654 2343 865 2405 construxisse
888 2345 997 2406 ducem
1018 2348 1205 2407 reverentur
1227 2345 1363 2406 eundem

444 2440 573 2508 Constat
595 2437 762 2523 Saxonum,
785 2467 877 2528 quem
897 2449 1048 2530 praedixi,
1069 2448 1257 2510 Liudulfum.

443 2543 505 2610 Hic
525 2549 749 2634 praenobilium
770 2553 862 2614 natus
885 2551 924 2614 do
946 2552 1043 2634 stirpe
1064 2554 1237 2634 parentum,

443 2648 539 2714 Ortus
562 2653 675 2736 quique
698 2653 746 2718 sui
767 2654 959 2738 respondens
981 2655 1141 2730 nobilitati,

440 2752 580 2820 Moribus
603 2757 740 2840 egregiis
762 2777 883 2839 usuque
905 2776 980 2820 suae
1001 2758 1163 2841 probitatis

359 2853 408 2922 15.
441 2857 530 2922 Inter
553 2857 695 2922 Saxones
717 2862 817 2924 crevit
838 2861 1001 2923 laudabilis
1024 2881 1138 2922 omnes.

440 2960 582 3045 Namque
604 2963 662 3026 fuit
684 2967 838 3040 strenuus,
862 2965 960 3026 forma
981 2964 1170 3044 nimiumque
1194 2963 1335 3040 decorus,

443 3064 586 3130 Prudens
608 3065 640 3128 in
662 3067 776 3142 verbis,
798 3066 830 3127 in
853 3065 971 3128 cunctis
994 3069 1102 3128 cautus
1125 3067 1264 3146 agendis.

442 3167 547 3250 Atque
569 3167 618 3231 sui
639 3168 764 3250 generis
787 3168 871 3231 solus
894 3189 966 3251 spes
989 3173 1021 3231 et
1042 3169 1137 3230 decus
1161 3169 1266 3231 omnis.

441 3269 524 3334 Hino
544 3289 616 3336 nam
637 3271 829 3336 Francorum
849 3273 953 3353 magni
973 3273 1058 3353 regis
1080 3271 1263 3357 Hludowiol

355 3371 407 3442 20.
439 3374 570 3440 Militiae
592 3375 697 3460 primis
720 3376 895 3458 adscriptus
916 3395 1016 3458 paene
1039 3377 1095 3437 sub
1119 3375 1216 3451 annis,

389 3469 390 3476 ἵ
440 3477 493 3544 Ex
514 3479 581 3564 ipso
604 3479 698 3560 digne
720 3498 836 3542 summo
859 3479 997 3541 sublatus
1019 3479 1144 3553 honore,

441 3579 551 3648 Gentis
574 3580 732 3646 Saxonum
753 3602 826 3645 mox
848 3581 985 3663 suscepit
1007 3581 1198 3658 comitatum

438 3685 486 3752 Ao
508 3686 568 3750 cito
590 3685 714 3768 mej0ris
737 3685 867 3748 donatus
886 3703 1015 3747 munero
1033 3684 1123 3766 juris,

437 3787 633 3874 Principibus
656 3788 692 3852 fit
712 3806 778 3872 par,
801 3788 929 3852 ducibus
951 3787 1008 3850 sed
1028 3807 1087 3848 nec
1109 3786 1168 3849 fuit
1187 3786 1299 3867 impar3

351 3944 532 3960 Um

380 4031 397 4076 l.
411 4027 544 4084 supplet,
557 4024 600 4082 Ap.
636 4027 666 4069 ll.
681 4024 744 4080 pdlsl
758 4023 875 4081 (perdid),
888 4024 931 4078 Ap.
965 4025 997 4068 12
1013 4022 1137 4076 pnoblllum
1151 4021 1325 4078 (pernobilem),
1341 4021 1386 4075 Ap.

417 4098 448 4144 lb.
464 4093 635 4150 liludovloh
650 4094 692 4149 Ap.
719 4095 752 4139 ab.
768 4095 889 4148 prmus,
903 4093 944 4148 Ap.
958 4092 1059 4147 u.Lot.;
1074 4093 1191 4145 primis,
1206 4089 1387 4145 Lb.vergl.bib.

417 4165 530 4222 ttpnos,
547 4167 590 4211 lta
618 4166 651 4210 2³.
666 4162 851 4218 malorum.
870 4161 949 4218 u.ll.;
970 4160 1137 4212 nidoris-turta.
1168 4159 1385 4214 aspiranum

411 4233 462 4292 Ap..
478 4236 507 4280 lot
522 4235 545 4278 ln
559 4234 612 4280 boh.
626 4247 649 4284 u.
664 4235 705 4278 bb.
720 4235 817 4289 eredunt.
