3144 4888
568 469 805 542 -129-

168 643 238 710 340.
253 649 402 711 Reddens
423 649 590 727 viventem,
613 671 703 731 quem
725 653 870 713 sorbebat
891 652 1079 714 morientem.

254 753 380 815 Scilicet
401 757 538 815 astantes
560 755 668 814 animis
692 755 873 815 mirantibus
896 773 1002 816 omnes

255 857 381 918 Tollunt
401 857 434 918 in
457 857 576 918 coelum
596 857 670 918 laeti
692 857 857 938 praeconia
878 857 1013 933 laudum,

254 958 431 1020 Laudantcs
454 964 593 1020 sanctum
614 959 736 1021 Domini
757 979 868 1022 nomen
889 961 1092 1021 benedictum

255 1061 324 1123 Hoc
344 1063 400 1124 vix
421 1063 590 1143 pontifices,
614 1063 734 1123 crudeli
756 1064 850 1124 corde
873 1064 1021 1138 ferentes,

171 1160 241 1226 345.
260 1162 460 1225 Commovere
483 1164 605 1244 quidem
627 1185 688 1226 non
710 1185 838 1246 parvam
860 1165 1051 1241 seditionem,
1107 1203 1111 1212 ·

256 1267 379 1346 Agnem
400 1268 593 1346 sacrilegam,
616 1268 763 1342 dicentes,
787 1271 819 1329 et
841 1269 1026 1330 scelerosam

256 1368 363 1430 Occidi
384 1370 492 1450 poenis
515 1370 605 1430 citius
627 1371 742 1432 debere
765 1371 910 1445 cruentis,

256 1471 344 1533 Illius
368 1489 461 1532 causa
485 1472 556 1551 quia
580 1475 787 1553 contemptum
809 1474 972 1534 simulacra

257 1573 435 1654 Cunctaque
457 1593 616 1636 sacrorum
637 1577 819 1655 paterentur
837 1578 909 1656 jura
932 1595 1065 1637 suorum.

172 1674 243 1738 350.
258 1676 340 1737 Hinc
360 1696 496 1757 praeses,
518 1680 655 1738 moestus
677 1679 799 1738 turbato
820 1682 947 1758 pectore
968 1680 1078 1754 factus,

259 1777 422 1842 Condoluit
444 1798 551 1840 sacrae
574 1780 713 1841 subtristi
734 1784 837 1842 mente
859 1782 990 1861 puellae,

257 1880 388 1960 Ignorat
409 1884 521 1954 tamen,
545 1883 666 1942 omnino
688 1882 799 1944 dubius
822 1903 915 1963 super
937 1883 1000 1957 illa,

259 1983 341 2053 Quid
363 1983 420 2044 sibi
442 1985 629 2060 sectandum,
652 1987 704 2046 vel
726 1986 799 2064 quid
820 1987 955 2046 restaret
976 1984 1152 2064 agendum3

258 2085 395 2146 Perdere
417 2106 478 2146 non
500 2087 623 2168 placuit,
646 2088 701 2147 sed
723 2107 781 2148 nec
803 2087 972 2147 defendere
995 2086 1100 2166 quivit.

175 2183 246 2249 355.
262 2187 400 2248 Tandem
422 2188 564 2248 discessit
586 2209 727 2250 moerens
750 2190 903 2268 aliumque
925 2189 1059 2268 reliquit,

261 2290 379 2351 Judicis
401 2291 501 2352 olfioio
525 2291 664 2352 iunctum
685 2292 808 2352 feritate
830 2292 943 2372 lupina,

258 2392 319 2462 Qui
341 2393 400 2453 luit
421 2392 571 2473 Aspasius
595 2394 695 2454 dictus
718 2394 840 2472 rituque
862 2393 1018 2474 profanus.

263 2493 325 2564 Qui
346 2494 424 2555 citus
446 2495 602 2572 Agnetem
623 2497 720 2576 proici
741 2496 899 2576 praecepit
920 2495 952 2555 in
974 2494 1088 2572 ignem,

262 2596 444 2658 Pontificum
465 2599 546 2658 votis
568 2599 647 2659 male
669 2597 881 2659 concordando
903 2596 1055 2673 malignis.

178 2695 251 2764 360.
267 2697 329 2759 Sed
351 2719 462 2780 corpus
486 2703 605 2761 castum
626 2702 711 2760 nulla
733 2700 772 2759 de
794 2699 886 2760 sorde
908 2698 1062 2778 piandum,

263 2801 366 2863 Ardor
389 2803 521 2864 carnalis
544 2803 625 2882 quod
647 2821 708 2864 non
730 2802 889 2862 succendit
912 2800 1032 2873 amoris,

263 2903 351 2984 Ignis
374 2925 435 2966 non
458 2906 548 2966 laesit
569 2924 727 2986 praesens,
750 2923 808 2964 nec
830 2907 961 2982 tangere
984 2901 1090 2982 quivit.

264 3006 413 3086 Denique,
436 3008 554 3068 divisae
577 3008 679 3068 divino
701 3008 834 3080 numine,
856 3006 996 3066 flammae

265 3108 423 3188 Virgineis
444 3110 583 3170 tribuere
605 3111 706 3171 locum
727 3109 872 3190 precibus
894 3107 1072 3188 spatiosum,

179 3209 251 3274 365.
265 3211 311 3274 Ac
333 3217 579 3294 prorumpentes,
602 3215 691 3273 aestu
714 3211 868 3290 nimioque
890 3209 1031 3269 furentes

265 3314 404 3376 Perdunt
426 3316 594 3389 carnifices,
617 3314 734 3376 urendo
757 3313 898 3392 primitus
921 3331 1044 3386 omnes3

265 3416 348 3477 Hinc
370 3417 618 3478 circumstantem
639 3417 811 3475 lambentes
835 3413 969 3491 undique
991 3413 1115 3492 plebem

266 3517 470 3591 Incredulam‚
492 3520 599 3598 plures
621 3517 734 3598 raptim
755 3520 897 3576 stravere
918 3514 1099 3594 phalanges.

268 3618 340 3680 Sola
363 3620 418 3680 scd
440 3620 572 3682 inmunis
596 3621 699 3681 stabat
719 3619 770 3699 pia
791 3617 881 3696 virgo
904 3614 1024 3690 caloris,

181 3718 253 3783 370.
271 3721 359 3782 Inter
380 3723 572 3784 flammarum
594 3723 696 3783 crines
717 3721 829 3781 ludens
851 3718 1049 3798 crepitantes,

267 3822 437 3904 Oravitque
457 3824 558 3886 Deum
580 3823 681 3886 versis
703 3823 743 3884 ad
765 3821 868 3884 sidera
888 3817 1007 3902 palmis,

205 3995 386 4006 ——u—

208 4073 253 4120 84⁰.
268 4078 372 4120 sorbebat
390 4080 573 4132 mouentem,
594 4041 639 4132 bl.;
654 4075 679 4118 Ρ.
694 4074 798 4129 corrigia
817 4075 839 4115 ln
856 4070 1038 4116 morientem.
1065 4068 1113 4114 365.
1126 4064 1213 4111 almis

272 4143 459 4202 turanum&
486 4146 698 4199 δόΜιΙηειη,
713 4143 760 4200 Μ.;
782 4143 932 4198 falanges,
953 4140 979 4185 1².

985 4193 1006 4260 9
