3134 4896
582 499 795 568 *31*

270 676 360 741 Circe
380 677 571 760 praeclarum
592 675 764 756 pudentes
785 679 877 757 etque
899 671 1038 738 Mariam.

268 781 369 852 Quem
388 799 482 862 super
502 779 623 844 insolito
643 780 832 861 pavitantem
853 779 984 860 denique
1006 780 1094 860 signo

101 878 113 898 '
183 879 253 946 735.
265 882 392 947 Lectius
413 884 549 957 inbutus,
572 883 671 946 fertur
691 884 735 944 sic
756 883 859 946 dicere
881 880 1037 946 Christus:

268 985 356 1063 „Non
378 991 418 1063 te,
441 987 548 1067 Virgo,
569 1006 655 1065 rogo,
676 986 805 1067 pollens,
826 986 963 1065 genitrix
983 1005 1051 1048 mee
1073 1005 1153 1063 cero,

267 1089 469 1166 „Permoreet
490 1090 571 1170 signi
591 1090 712 1152 novitus
734 1090 898 1152 carnaliter
918 1090 999 1165 elmi,

269 1192 434 1274 „Obsequii
456 1195 521 1254 sole
541 1193 669 1254 veniunt
688 1192 767 1256 istae
789 1193 861 1272 quie
883 1211 984 1268 cause,

267 1296 355 1370 „Non
376 1297 457 1377 quod
479 1300 510 1358 te
530 1296 656 1370 vellent,
678 1296 730 1358 vel
751 1296 853 1358 saltim
874 1297 999 1360 laedere
1020 1301 1173 1379 possent.“

182 1395 252 1460 740.
264 1398 322 1460 His
344 1419 464 1481 quoque
487 1399 628 1462 discessit
649 1399 737 1462 dictis
756 1399 900 1478 angustie
922 1400 1033 1475 cordis,

265 1502 310 1564 At
329 1523 404 1564 vero
427 1505 535 1566 beluac
556 1502 782 1584 praecedebant
803 1505 881 1566 benc
903 1505 1013 1579 leetee,

266 1605 510 1668 Demonstrando
531 1606 614 1668 viem
635 1625 691 1687 per
714 1605 829 1670 deserti
848 1608 915 1668 loca
936 1609 1060 1668 rectum.

269 1707 331 1770 Sed
352 1730 410 1771 nec
431 1710 588 1772 nocturnis
610 1711 795 1772 discesserat
815 1711 880 1772 ulls
901 1711 958 1772 sub
981 1710 1071 1785 boris,

272 1810 335 1874 Sed
357 1813 473 1894 Joeepb
493 1813 598 1895 pecori
620 1814 752 1876 eociatne
774 1816 877 1875 mente
897 1813 989 1888 fideli,
1022 1851 1025 1862 ·

185 1911 258 1976 745.
271 1913 373 1977 Oblita
393 1917 479 1978 rabie
500 1918 693 1997 naturalique
714 1918 827 1992 furore,

267 2018 416 2080 Pacifieee
436 2020 555 2082 modice
577 2013 877 2101 gustabant'poscuc
898 2019 987 2082 foeni.

266 2121 353 2184 Inter
374 2143 450 2202 quos
473 2143 548 2204 ergo
570 2124 673 2186 lueret
694 2123 854 2186 concordie
875 2125 970 2199 tonte,

264 2223 308 2288 ut
329 2227 481 2306 quendem
491 2227 588 2288 timidi
604 2228 739 2308 junxere
760 2226 840 2308 lupis
861 2228 943 2288 letus
964 2227 1046 2306 agni,

192 2397 201 2410 ,
264 2327 306 2389 Et
325 2330 454 2391 bovibus
474 2330 563 2392 mites
584 2332 663 2392 bene
686 2349 884 2392 conmeneere
905 2329 1019 2392 leones.

182 2427 253 2493 750.
267 2429 328 2494 Sed
349 2452 410 2494 non
431 2432 580 2510 inmerito,
603 2433 756 2496 coelorum
776 2451 840 2514 pex
861 2433 931 2513 quie
952 2451 1041 2494 vere:

268 2533 337 2606 Quo
358 2535 441 2616 regit
460 2536 639 2612 inmensum,
661 2537 794 2598 firmavit
814 2535 940 2598 foedere
962 2536 1088 2611 coelum,

265 2635 393 2700 Illorum
414 2643 543 2715 mentes,
564 2643 680 2703 mutato
702 2659 795 2715 more,
817 2639 933 2702 fideles.

306 2742 382 2806 Post
402 2742 479 2805 hoec
499 2744 651 2825 pausavit,
673 2743 767 2806 radiis
788 2743 904 2806 lassate
926 2741 1036 2804 coloris

262 2845 393 2922 Aestivi‚
413 2865 485 2908 cers
506 2847 626 2929 palmae
647 2845 747 2908 Morio
769 2848 825 2908 sub
848 2848 962 2922 umbre,

178 2944 302 3012 ‘locut
322 2969 445 3012 rursum
466 2950 566 3012 versis
588 2949 680 3012 claris
702 2950 824 3032 aspexit
845 2951 959 3025 ocellis,

262 3052 426 3116 Fructibus
448 3055 529 3115 hunc
549 3054 681 3136 palmum
701 3054 829 3116 maturis
850 3073 919 3116 esee
941 3055 1095 3118 refertam

261 3154 321 3218 His
343 3156 418 3218 visis
439 3157 547 3238 lingue
566 3157 712 3219 formavit
731 3157 806 3220 tolie
826 3161 938 3220 verbe:

262 3259 374 3336 „Istius
396 3261 515 3342 palmae
536 3260 662 3325 nimium
684 3260 819 3322 delector
841 3264 978 3339 onustae,

259 3361 313 3439 „si
331 3364 411 3445 potis
432 3367 482 3426 est
502 3364 569 3426 fieri
591 3365 630 3426 de
651 3364 754 3426 fructu
776 3365 907 3447 denique
927 3367 1042 3431 veser‘

176 3461 249 3531 760.
304 3463 360 3528 Oui
382 3466 485 3528 senior
505 3468 638 3539 vetulus,
660 3467 739 3547 legis
760 3468 966 3530 moderamine
985 3472 1097 3552 justus,

259 3567 344 3632 Heut
364 3571 477 3633 blande
499 3570 597 3646 dictis,
619 3570 640 3633 J
641 3571 745 3652 oneph,
766 3589 839 3632 mox
861 3571 964 3634 obviet
983 3573 1066 3634 istie:

258 3671 346 3748 „Hoc
366 3673 468 3749 miror,
490 3677 575 3736 certe
596 3674 720 3736 nimium
740 3677 772 3735 te
795 3674 897 3736 dicere
918 3676 1010 3751 velle,

259 3773 355 3852 „Cum
375 3777 484 3840 videos
505 3779 615 3855 remos,
636 3796 747 3859 magno
769 3777 818 3840 de'
831 3778 968 3860 germine
990 3779 1106 3855 ductos,

172 3931 351 3942 ...m

199 4011 243 4056 7³3.
260 4014 387 4068 violent,
408 4012 437 4056 Μ.
462 4015 523 4060 o.l¹.
552 4014 597 4061 uls.
615 4014 859 4070 entremenis.
895 4015 940 4062 'lle
957 4019 1074 4074 modici,
1096 4017 1194 4066 c.u.s.

263 4082 306 4125 w.
326 4086 522 4138 lnocrqnen,c.
537 4099 559 4128 u.
575 4086 597 4131 S.
626 4089 671 4131 751.
686 4085 764 4129 Quae
785 4090 847 4142 regu,
866 4089 890 4132 C.
907 4101 929 4130 u.
949 4088 971 4132 S.
1000 4091 1194 4143 'ltrbnrutuvlt¹

265 4151 289 4196 C.
312 4164 336 4194 n.
357 4152 380 4194 S.
403 4157 502 4209 moleto,
522 4155 631 4199 nbmliob:
655 4167 681 4198 eo
703 4158 746 4209 (sc.
769 4157 870 4213 foedere]
891 4157 978 4200 lllnrunr
1000 4161 1092 4214 nutes,
1112 4163 1195 4204 motato

262 4231 330 4276 more,
346 4221 423 4267 creles
439 4225 505 4279 regit,
524 4225 578 4268 fselt
590 4225 643 4269 oder
657 4229 715 4273 suot.
733 4227 789 4292 ⁸760.
805 4229 816 4281 (
829 4229 840 4285 )
854 4227 895 4282 Vl,
911 4227 943 4284 0.,
957 4225 1022 4286 Qui,
1037 4227 1060 4278 8.
