3134 4896
574 475 790 546 ...73-

166 645 242 718 266.
258 651 393 733 „Magno
415 651 472 714 sed
494 651 594 716 studio
617 671 725 716 serres
746 671 815 716 mea
837 651 918 716 diota
938 655 1105 735 sequenda,

256 756 321 831 „lle
342 753 531 837 quia'foorde
554 755 619 818 oolo
641 773 761 818 neonon
784 758 964 824 venerarier
986 761 1057 838 opto

257 859 376 934 „Tanto
398 877 474 940 prae
495 858 613 920 eunetis
636 860 725 920 aulae
748 860 912 940 splendore
934 860 1089 932 ministris,

255 963 365 1037 „Alter
386 964 422 1024 ut
441 961 473 1022 in
494 979 592 1040 reguo
615 961 666 1036 sis,
687 982 737 1023 me
759 963 937 1042 praestante
960 965 1121 1043 superbo.“

255 1064 343 1126 Haeo
365 1064 416 1138 ait,
440 1066 472 1124 et
493 1064 605 1125 dextra
628 1065 809 1146 compressit
829 1065 974 1144 martyris
997 1084 1059 1140 ora,

167 1167 241 1230 270.
257 1167 416 1230 Astriotim
437 1166 528 1226 laeua
550 1168 755 1248 compleotens
778 1169 856 1236 oolla
878 1170 1008 1242 saerata,

256 1271 325 1342 Quo
348 1271 392 1332 sio
412 1270 551 1332 osoillnm
573 1270 675 1332 saltim
695 1271 866 1350 ooullgaret
886 1290 988 1332 nuum.

258 1372 376 1436 Callida
398 1374 453 1435 sed
475 1373 564 1435 testis
587 1374 725 1436 ooufudit
744 1375 863 1436 ludiora
884 1374 978 1453 regis,

259 1477 365 1558 Osque
387 1476 465 1558 petit
486 1476 585 1538 subito
607 1495 712 1558 pugno
733 1478 841 1556 regale
862 1477 993 1552 vibrato,

257 1580 367 1641 Intulit
389 1582 421 1641 et
442 1582 561 1640 tantum
583 1579 687 1661 pronis
709 1580 863 1642 obtutibus
884 1579 986 1653 iotam,

170 1679 244 1745 275.
261 1681 394 1762 Sanguis
416 1687 459 1756 ut,
482 1685 598 1762 absque
619 1701 705 1744 mora
727 1683 846 1744 stillans
869 1683 907 1741 de
929 1682 1059 1743 vulnere
1082 1682 1173 1754 lauto,

252 1784 386 1846 Barbam
407 1785 545 1846 foedavit
566 1804 686 1846 noonou
707 1789 812 1846 restes
833 1783 1005 1845 madefecit.

295 1885 382 1948 Tune
393 1907 461 1962 rex,
473 1907 535 1948 non
549 1887 698 1950 modicam
715 1887 812 1949 tristis
828 1906 998 1948 conversus
1013 1885 1045 1948 in
1063 1884 1151 1959 mam,

252 1990 355 2064 Iussit,
377 1989 547 2068 Pelagium,
566 1960 713 2052 'eoelestis
735 1991 820 2069 regis
841 1991 1005 2063 alumnum,

258 2091 358 2154 Trans
380 2113 484 2154 muros
506 2093 610 2173 proioi‚
630 2094 748 2174 jaotum
771 2095 866 2156 lunda
887 2090 1059 2165 maehinali‚

164 2193 238 2270 280,
253 2193 369 2257 Crebro
388 2197 542 2257 bellantes
563 2196 647 2256 saxis
670 2215 749 2275 quae
771 2195 907 2276 perfodit
927 2195 1041 2268 hostes,

252 2297 369 2359 Nobilis
392 2301 426 2358 ut
447 2298 545 2372 testis,
567 2298 653 2360 fluvii
674 2300 798 2360 oollisns
820 2297 932 2371 aronis,
1040 2343 1043 2348 -

250 2399 366 2464 Urbem
387 2401 439 2480 qui
460 2403 548 2462 vasto
569 2401 694 2482 propius
717 2400 897 2462 oironmlluit
917 2401 1008 2474 unda,

251 2501 446 2564 Membratim
467 2506 610 2584 oreperet
629 2504 741 2583 raptim
761 2505 939 2582 fractusque
961 2500 1086 2581 periret.

252 2603 488 2686 Talia'jaetanti
509 2607 659 2686 parebant
681 2606 761 2667 forte
781 2605 920 2678 ministri,

164 2703 237 2768 285.
252 2705 327 2768 Mox
350 2710 381 2768 et
402 2707 570 2770 inauditam
592 2712 775 2770 struxerunt
796 2709 930 2788 denique
950 2725 1088 2788 pooumn,

245 2809 355 2870 Funda
376 2809 537 2889 Pelagium
554 2811 706 2891 jacientes
727 2811 988 2892 martyrizandum

251 2910 343 2975 Urbis
364 2913 500 2974 famosae
522 2916 608 2974 trans
629 2914 762 2976 maxima
781 2914 903 2976 moenia
922 2914 1023 2992 louge.
1092 2985 1094 2989 ¹

249 3012 320 3086 Sed,
343 3015 416 3076 lioet
434 3015 579 3093 ¹ingentes
603 3019 760 3080 obstantes
782 3016 917 3096 undique
939 3035 1033 3097 rupes

244 3115 395 3178 Artareut
415 3118 505 3180 testis
527 3137 638 3199 eorpus
659 3119 996 3199 praedulce-cadentis,

164 3213 237 3278 290.
251 3218 398 3280 Attamen
420 3220 545 3280 illaesus
568 3219 682 3284 Christi
703 3221 872 3303 permansit
894 3221 1017 3282 amians.

292 3319 384 3382 Certo
407 3324 531 3401 regales
554 3324 642 3386 eitius
665 3325 869 3405 pervenitad
891 3343 991 3398 aures,

245 3421 394 3503 Martyris
416 3425 497 3486 allisi
519 3445 630 3507 eorpus
652 3446 713 3488 non
735 3447 826 3508 posse
848 3429 957 3501 seoari,

245 3524 338 3604 Inligi
360 3525 492 3607 euopolis
514 3528 600 3608 ripae
621 3529 701 3609 quod
720 3529 813 3610 jussit
833 3528 941 3602 acutis,

246 3625 306 3688 Hio
328 3628 427 3707 magis
449 3629 600 3705 offensus,
630 3632 753 3711 penitus
776 3633 877 3692 luerat
899 3629 971 3710 quia
992 3630 1103 3703 vietus,

161 3725 234 3790 295.
251 3725 328 3792 Mox
350 3735 442 3812 caput
464 3736 574 3794 exaoto
593 3734 686 3814 jussit
708 3733 866 3795 succidere
888 3733 981 3808 ferro,

247 3831 289 3894 Et
311 3835 527 3896 sententiolam
549 3835 593 3898 aio
614 3855 765 3900 exercere
788 3855 969 3918 supremam.

163 3952 344 3961 ..μ-...-

181 4033 230 4074 267.
249 4031 418 4084 splendere,
447 4035 471 4076 C.
493 4033 556 4080 u.S.
596 4037 848 4091 2³1⁰.'Aetrletnur‚
872 4039 904 4092 0.,
918 4037 941 4082 S.
957 4051 980 4082 u.
998 4039 1023 4082 P.
1056 4039 1102 4080 aln.
1123 4037 1185 4080 Suu·

248 4101 670 4158 guture,o¹.o.1¹.;ubqoe‚u.
697 4106 865 4161 279-lnndo,
884 4109 936 4150 ου
961 4105 976 4148 S
999 4106 1129 4162 nullst.

181 4171 228 4214 28²·
243 4168 347 4212 Urbem
362 4182 448 4226 quae,
462 4172 487 4216 C.
505 4185 526 4215 u.
541 4172 565 4220 S.
592 4175 641 4218 ast.
654 4178 856 4230 etruexeruut,
874 4176 905 4221 ll,
