3122 4894
769 513 1006 584 -208-

784 693 996 755 Jchannce

372 793 463 859 Unde
484 794 553 858 aliis
575 795 634 857 Dei
655 796 787 875 gratiam
808 815 870 856 non
898 797 1045 856 debemus
1066 794 1216 868 inridere,
1248 814 1341 876 quam
1365 817 1409 860 ex

373 899 467 960 nullis
481 899 738 980 praecedentibus
752 898 870 960 meritis
884 899 917 958 in
937 897 1025 958 nobis
1044 898 1215 978 gaudemus
1238 901 1409 962 abundare.

752 1000 1017 1064 Oalimachus.

374 1103 741 1168 Tarmmimcnmnstu

786 1207 1002 1269 Jchanncs

373 1309 404 1372 N
405 1331 422 1371 e
444 1313 548 1371 autem
568 1309 630 1370 tuis
651 1310 760 1372 videar
782 1310 874 1371 reniti
888 1309 978 1385 votis,
993 1327 1055 1370 non
1077 1307 1244 1370 suscitetur
1266 1329 1324 1390 per
1345 1329 1405 1385 me,

375 1414 431 1474 sed
453 1433 510 1494 per
530 1413 725 1490 Drusianam
748 1413 820 1492 quia
842 1414 881 1474 ad
904 1414 962 1475 hcc
982 1411 1173 1494 implendum
1195 1412 1293 1474 aDeo
1317 1430 1405 1473 acce-

372 1515 418 1598 pst
439 1516 579 1596 grafiann

512 1625 515 1632 ¹
784 1601 991 1662 Drusiana

371 1703 485 1766 Divina
507 1704 687 1781 substantia,
718 1723 797 1785 quae
819 1724 896 1765 vere
919 1706 950 1764 et
973 1702 1173 1782 singulariter
1195 1721 1229 1762 es
1252 1701 1319 1763 sine
1341 1722 1404 1764 ma-

372 1806 506 1886 teriam)
527 1806 634 1882 forma,
654 1826 732 1886 quae
754 1808 907 1869 hominem
929 1805 969 1868 ad
989 1806 1036 1867 tui
1056 1805 1222 1884 imaginem
1243 1805 1404 1886 plasmasti

374 1915 406 1970 et
432 1909 583 1990 plasmato
613 1909 799 1990 spiraculum
828 1909 912 1971 vitae
942 1907 1110 1989 inspirasti,
1137 1908 1213 1989 jube
1242 1909 1404 1969 materiale

374 2030 484 2091 corpus
512 2011 684 2086 Fortunati,
717 2012 845 2072 reducto
879 2011 991 2086 calore,
1022 2011 1054 2071 in
1082 2011 1241 2070 viventem
1271 2011 1405 2070 animam

372 2112 485 2173 iterum
505 2112 675 2187 reformari,
690 2133 750 2191 qno
773 2113 853 2173 trina
875 2113 974 2174 nostri
995 2113 1189 2174 resuscitatio
1212 2113 1266 2174 tibi
1287 2113 1320 2173 in
1336 2114 1404 2174 lau-

373 2214 443 2274 dem
464 2215 615 2290 vertatur,
638 2213 773 2276 Trinitas
795 2215 983 2276 veneranda.

459 2356 462 2364 ν
774 2317 988 2380 lohannes

372 2401 481 2464 Amffla

781 2489 991 2551 Drumana
1072 2561 1075 2566 Δ
1244 2553 1249 2558 ,

371 2590 610 2672 Expergiseere‚
634 2592 813 2668 Fortunate,
837 2597 869 2654 et
887 2595 979 2676 jussu
995 2589 1108 2654 Christi
1129 2591 1301 2652 retinacula
1321 2610 1403 2654 mor·

370 2694 597 2776 fisdmmmme

758 2781 1011 2843 Fortunatus

372 2881 450 2952 Quis
471 2901 521 2944 me
543 2882 737 2964 apprehensa
757 2903 851 2946 manu
874 2885 998 2946 crexit?
1043 2881 1121 2955 Quis
1149 2902 1266 2959 vocem,
1293 2885 1330 2944 ut
1351 2901 1401 2944 re·

370 3003 541 3066 surgerem,
565 2985 672 3046 dedit?

776 3071 995 3134 lohannes

369 3153 530 3216 Drusiana.
565 3182 567 3186 ’

749 3241 1012 3306 Fortunatus.

368 3339 451 3403 Num
472 3359 521 3402 mc
543 3341 706 3406 suscitavit
725 3343 901 3408 Drusiana?

771 3448 989 3512 lohannes

368 3527 451 3613 Ipsa.

749 3618 776 3680 F
787 3621 876 3681 ortu
884 3640 905 3679 n
913 3638 931 3679 a
940 3621 980 3680 tu
987 3641 1011 3682 s.

368 3717 479 3782 Nonne
501 3721 573 3782 ante
589 3719 705 3799 aliquot
720 3720 786 3782 dies
796 3722 952 3802 inprovisa
963 3724 1061 3784 morta
1079 3721 1183 3784 fuerat
1197 3723 1399 3804 consumpta?

770 3822 989 3886 Jchannea

367 3908 411 3971 nt
432 3906 510 3970 vivit
530 3907 562 3968 in
585 3903 715 3970 Christo.

393 4143 431 4198 bl)
446 4145 495 4185 sine
512 4139 741 4198 maurinorum,
762 4141 801 4199 S.;
816 4145 957 4188 materiae
976 4146 1055 4200 forms,
1075 4145 1131 4201 ΜΒ,
1152 4145 1201 4190 dier
1216 4147 1254 4189 idi·
1268 4146 1304 4190 die
1318 4147 1400 4190 Lem!

445 4212 485 4254 de·
498 4212 552 4255 eod.
567 4211 666 4258 halland.
964 4211 968 4224 '
