3080 4892
765 445 915 514 -298
958 482 1003 516 ·-.-

360 621 410 683 nis
444 621 674 702 relinquerent,
703 620 754 682 vel
784 620 955 683 carnalium
987 620 1131 684 affectum
1159 623 1401 706 propinquorum

360 726 600 807 postponerent,
631 725 780 785 centenae
808 724 1020 786 vicissitudine
1040 727 1195 788 mercedis
1217 745 1398 808 recompen-
1476 713 1483 724 ’

363 826 429 889 sari
451 831 482 888 et
504 830 651 889 aeternae
672 826 814 888 bravium
824 826 864 908 ⁶⁵)
892 827 976 888 vitae
1007 828 1121 889 debere
1151 829 1276 891 donari:
1306 831 1399 911 hujus

362 951 418 1013 epe
439 929 573 992 animata
587 929 737 1012 promissi,
754 929 823 1003 feci,
840 929 920 1008 quod
932 930 1060 1010 jussisti,
1080 935 1189 1011 sponte
1205 933 1350 994 omittens
1358 933 1399 1014 ⁶⁶)

350 1033 491 1109 soboles,
519 1052 596 1113 quas
625 1032 740 1114 peperi.
783 1031 874 1096 Unde
903 1035 938 1092 tu
959 1033 1009 1112 pie
1030 1033 1182 1115 promissa
1204 1037 1328 1098 solvere
1352 1057 1392 1096 ne

360 1137 507 1212 moreris,
541 1135 597 1196 sed
625 1137 690 1211 fac,
719 1154 776 1228 mel
798 1135 995 1215 quantociuS,
1035 1137 1207 1199 absolutam
1239 1139 1399 1220 corporeis

362 1239 505 1314 vinculis,
536 1258 577 1299 ex
605 1237 784 1319 receptione
812 1237 945 1298 filiarum
972 1238 1149 1314 laetificari,
1179 1258 1255 1320 quas
1284 1261 1342 1322 pro
1365 1244 1398 1303 te

363 1342 543 1403 mactandas
567 1341 714 1403 obtulisse
735 1359 797 1401 non
820 1340 933 1415 distuli,
964 1360 1032 1419 quo,
1055 1342 1087 1401 te
1109 1341 1170 1402 illis
1193 1361 1310 1422 agnum
1325 1342 1399 1404 Vir-

362 1444 443 1524 ginis
466 1443 665 1524 sequcntibus
696 1445 728 1505 et
755 1463 870 1505 novum
899 1445 1052 1518 canticam
1072 1444 1312 1522 modulantibus,
1336 1466 1399 1526 ego

359 1547 511 1628 jocunder
534 1547 685 1608 audiendo
708 1547 889 1626 illarumque
911 1546 1060 1607 laetificer
1089 1548 1196 1627 gloria,
1226 1551 1266 1624 et,
1290 1568 1398 1630 quam·

361 1650 411 1710 vis
442 1670 503 1710 non
533 1649 648 1730 possim
682 1650 834 1711 canticum
863 1648 1050 1728 virginitatis
1085 1650 1197 1724 dicere,
1230 1653 1262 1712 te
1292 1655 1399 1714 tamen

363 1770 433 1812 cum
455 1752 516 1812 illis
537 1770 659 1834 merear¹
682 1752 882 1813 aeternaliter
903 1752 1040 1828 laudare,
1070 1753 1122 1833 qui
1148 1773 1210 1814 non
1232 1754 1313 1835 ipse,
1345 1758 1400 1836 qui

362 1853 473 1928 Pater,
504 1855 560 1914 sed
588 1855 668 1914 idem
699 1875 742 1929 es,
770 1853 852 1933 quod
880 1853 990 1930 Pater,
1024 1875 1093 1916 cum
1122 1876 1182 1936 quo
1216 1860 1248 1918 et
1278 1857 1397 1939 Spiritu

366 1961 472 2018 sancto
494 1977 574 2017 unus
604 1956 744 2018 dominus
766 1958 978 2020 universitatis
1007 1978 1149 2039 unusque
1178 1979 1238 2022 rex
1260 1981 1401 2023 summae

365 2061 397 2119 et
417 2059 536 2120 mediae
560 2062 652 2139 atque
681 2060 760 2120 imae
789 2061 917 2121 rationis
949 2080 1064 2140 regnas
1095 2064 1126 2123 et
1153 2062 1319 2125 dominaris
1342 2085 1400 2147 per

363 2161 602 2224 interminabilia
623 2163 793 2225 inmortalis
816 2162 886 2223 aevi
909 2164 1043 2225 saecula.

578 2347 581 2353 Ι
766 2265 984 2328 Matronae.

367 2366 504 2450 Suscipe,
526 2367 665 2430 Domine.
708 2367 817 2430 Amen.

391 2606 431 2659 65)
447 2595 563 2662 bracio,
579 2605 613 2661 c.,
629 2605 652 2648 S.
666 2618 690 2648 ιι.
704 2605 751 2662 Mg.
779 2607 818 2663 66)
833 2608 980 2661 amlltem,
995 2607 1021 2651 c.
1035 2620 1059 2652 n.
1074 2605 1098 2648 S.
