3266 5462
800 429 1017 548 Lea...

484 653 527 722 Et
548 677 583 721 se
606 656 766 740 condignis
789 659 906 720 studuit
927 658 1039 741 punire
1060 655 1212 721 lamentis.

491 762 573 824 Hine
595 764 664 825 laus
687 767 719 825 et
737 764 838 825 virtus
862 760 983 824 Christo
1004 782 1062 844 per
1083 762 1208 823 saecula
1231 764 1350 836 cuneta,

484 865 622 928 Humani
642 869 784 928 veterem
807 866 931 945 generis
954 867 1007 945 qui
1029 867 1185 926 straverat
1206 865 1335 940 hostem,

400 966 474 1032 445.
492 969 615 1031 Plasma
635 987 711 1030 suae
733 969 864 1030 dextrae
885 969 1008 1051 rapiens
1031 969 1185 1050 serpentis
1208 969 1245 1030 ab
1268 987 1331 1042 ore,

489 1072 593 1155 Ipsius
614 1075 646 1134 at
666 1072 748 1133 dulei
771 1075 891 1132 constet
911 1072 968 1132 lux
990 1071 1070 1132 alma
1090 1071 1220 1152 parenti,

492 1175 581 1246 Quae
603 1175 653 1257 pie
676 1176 813 1236 solamen
834 1168 951 1235 misero*
964 1176 1029 1254 jam
1051 1174 1190 1246 eontulit,
1213 1173 1321 1234 Amen.

492 1277 609 1340 Unicus
631 1277 799 1338 Altithroni
822 1277 945 1355 genitus
967 1280 1051 1337 retro
1073 1279 1212 1357 tempora
1232 1275 1346 1349 mundi,

491 1378 561 1452 Qui,
583 1379 735 1440 miserans
758 1379 896 1452 hominis,
917 1379 1078 1440 deseendit
1100 1381 1138 1439 ab
1161 1398 1232 1439 arae
1255 1377 1399 1439 Parentis

402 1479 474 1543 450.
490 1481 531 1542 Et
553 1481 655 1543 earnis
674 1499 782 1542 veram
802 1483 932 1563 sumpsit
953 1483 991 1542 de
1013 1481 1143 1560 Virgine
1165 1482 1305 1556 formam,

487 1584 625 1664 Virginis
647 1587 681 1645 nt
702 1588 827 1664 gustum
848 1586 965 1665 primae
985 1585 1110 1645 sedaret
1132 1603 1278 1656 amarum,

488 1685 658 1750 Consecrat
679 1688 837 1769 appositae
860 1688 947 1748 nobis
967 1687 1017 1768 pia
1040 1687 1158 1746 fercula
1180 1705 1315 1760 mensae,

490 1789 558 1850 Has
578 1791 721 1851 faciendo
744 1790 840 1870 dapes
864 1791 1059 1869 gustantibus
1079 1809 1149 1850 esse
1171 1790 1320 1850 salubres.

492 1893 583 1964 Quod
604 1913 711 1955 sumus
734 1896 765 1953 et
783 1893 864 1972 quod
876 1897 1047 1972 gustamus,
1069 1893 1122 1953 vel
1136 1893 1281 1972 quiequid
1295 1910 1434 1971 agamus,

411 1993 484 2058 455.
500 1997 640 2057 Dextera
660 1997 795 2058 auctoris
808 1996 981 2072 benedicat,
1002 1999 1113 2057 anneta
1133 1995 1281 2075 regentis.

427 2231 473 2276 148.
492 2231 523 2274 n.
542 2232 604 2274 hatte
627 2231 789 2286 ursprungnen
804 2245 845 2274 vor
870 2233 909 2274 dtr
923 2231 1034 2286 Radimng
1053 2232 1112 2284 taur,
1135 2231 1175 2272 das
1193 2231 1249 2272 sucu
1269 2231 1294 2274 P.
1310 2229 1355 2273 bnt.
1385 2229 1433 2273 ⁴51.

489 2298 1429 2357 Vtrgts‚bt.u.t³.;utjustuu,s.;tederetamaran,Mammam,

465 2421 477 2434 ι
496 2372 520 2413 c.
545 2385 566 2414 u.
586 2370 610 2414 S.
643 2371 690 2413 ⁴55.
716 2371 858 2412 Dextera·
881 2371 1029 2426 auctoris,
1054 2371 1085 2412 Μ.
1101 2383 1122 2412 n.
1143 2371 1169 2414 P.
1186 2370 1327 2410 dexteras
1346 2367 1431 2410 tute

492 2442 544 2494 ris,
560 2440 585 2483 c.
601 2452 623 2483 ιι.
638 2437 661 2480 S.

1581 1309 1588 1391 t
