3144 4888
701 455 940 525 -120-

396 635 458 702 Sed
480 634 595 700 Christi
615 634 716 717 virgo,
739 652 890 717 spernens
913 653 971 696 ceu
993 632 1131 721 stercora
1151 627 1239 707 dona,

389 742 514 806 Pondus
537 744 569 802 et
591 741 684 802 oblati
706 739 879 817 dedignans
901 738 1042 819 protinus
1065 735 1141 810 auri,

391 845 595 926 Splendorem
616 861 736 923 quoque
759 861 950 920 gemmarum
972 841 1098 902 rutilum
1119 839 1284 913 variarum,

329 945 379 1011 60.
393 949 451 1010 His
474 947 578 1008 verbis
598 949 746 1027 juvenem
769 945 889 1005 causari
911 945 1011 1005 fertur
1032 946 1201 1005 amentem:

390 1051 437 1128 „0
459 1051 503 1111 fili
524 1050 639 1124 mortis,
661 1048 771 1109 merito
794 1048 986 1128 dampnando
1008 1047 1163 1128 perennis,

390 1153 437 1230 „0
460 1155 558 1214 famas
581 1152 716 1226 sceleris,
740 1153 930 1230 contemptor
954 1154 984 1210 et
1007 1149 1230 1230 omnipotentis,

392 1255 583 1331 „Discedens
606 1272 702 1327 ame,
725 1254 814 1314 citius
837 1253 985 1332 fugiendo
1006 1253 1128 1328 recede,

393 1358 479 1432 „Nec
501 1359 620 1431 credas,
642 1358 674 1417 te
695 1375 787 1436 posse
809 1375 911 1416 meum
932 1363 1114 1436 pervertere
1137 1373 1249 1436 purum

330 1456 380 1522 65.
396 1459 489 1536 „Cor,
513 1460 593 1540 quod
616 1459 760 1520 amatoris
781 1461 944 1540 praevenit
965 1459 1122 1520 nobilioris

392 1563 520 1639 „Dulcis
542 1581 635 1637 amor,
657 1562 820 1642 pulchrum
843 1564 930 1644 cujus
952 1562 1024 1622 fidei
1046 1563 1113 1622 fero
1136 1561 1259 1641 signum

393 1665 451 1743 „ln
472 1667 550 1728 faeie
571 1665 689 1727 summa
710 1685 831 1726 necnon
852 1666 884 1725 in
907 1685 1035 1746 corpore
1056 1668 1130 1740 toto,

396 1770 485 1845 „Quo
507 1789 556 1830 me
579 1769 715 1847 signavit
737 1768 926 1848 strictimque
949 1769 1006 1828 eibi
1028 1769 1182 1847 religavit,

396 1873 463 1947 „Ne
484 1891 554 1932 mea
575 1891 662 1931 mens
684 1872 777 1932 alium
797 1873 861 1950 jam
883 1872 1142 1952 praesumpsisset
1163 1870 1295 1932 amicum

328 1971 377 2036 70.
392 1974 581 2050 „Quaerere
604 1974 660 2034 sed
682 1974 780 2034 solum
802 1974 964 2054 complecti
986 1974 1121 2036 disceret
1142 1973 1237 2047 illum,

391 2076 481 2154 „Qui
503 2077 620 2139 virtute
641 2078 751 2156 potens
775 2077 916 2156 omnique
940 2077 1051 2137 decore
1073 2077 1246 2154 refulgens,

311 2223 314 2233 .
394 2177 572 2256 „Caelestes
594 2181 626 2238 et
646 2179 791 2238 mortales
813 2164 1022 2260 supereminet
1044 2199 1158 2240 omnes.

390 2281 502 2357 „Hunc
524 2281 591 2341 sine
613 2284 711 2341 matre
733 2281 827 2342 Pater
850 2283 918 2343 cani
940 2287 1026 2345 retro
1049 2286 1189 2363 tempora
1212 2281 1318 2342 mundi

393 2383 450 2460 „In
473 2384 587 2445 deitate
610 2367 717 2464 parem
738 2405 797 2446 nee
818 2387 980 2466 majestate
1002 2386 1151 2446 minorem

328 2483 377 2551 75.
391 2487 612 2568 „Omnipotens
635 2488 751 2566 genuit,
774 2508 831 2569 per
854 2509 945 2568 quem
967 2491 1025 2550 sibi
1048 2490 1172 2550 saecula
1194 2488 1276 2549 fecit.

390 2590 451 2666 „Et
473 2591 539 2650 sine
561 2595 650 2671 patre
673 2591 795 2669 quidem
816 2591 919 2652 Mater
942 2593 1082 2674 pariebat
1105 2591 1244 2662 eundem,

390 2693 573 2768 „Factcrem
594 2693 751 2773 proprium
773 2695 901 2769 lactans,
925 2698 980 2755 snb
1005 2698 1142 2775 tempore
1164 2695 1278 2767 natum,

390 2793 505 2875 „Cujus
527 2797 763 2876 praepulchram
785 2799 936 2858 mirantur
960 2799 1091 2877 denique
1114 2798 1243 2858 formam

392 2897 528 2973 „Solaris
551 2898 705 2978 splendor,
726 2899 819 2960 lunae
842 2901 979 2960 renitens
1003 2919 1124 2979 quoque
1148 2900 1271 2972 candor,

326 2997 376 3062 80.
412 2999 608 3075 „Laedentes
630 3002 724 3061 radiis
732 3003 894 3062 Dominum
916 3003 1108 3081 fulgentibus
1131 3003 1229 3079 orbis3

389 3103 504 3185 „Cujus
527 3107 559 3166 et
580 3105 707 3185 imperio
729 3106 909 3164 famulantia
932 3106 1034 3165 sidera
1058 3111 1169 3166 cuncta

388 3207 474 3280 „lllis
495 3207 665 3286 injunctum
687 3207 841 3287 complent
862 3227 918 3288 per
942 3210 1081 3289 tempora
1104 3229 1246 3285 eursum;

391 3306 476 3384 „Cui
500 3309 726 3369 conclamantes
749 3311 909 3390 condignis
931 3312 1081 3387 laudibus,
1106 3331 1211 3373 omnes

389 3409 523 3486 „Coetus
546 3412 679 3492 angelici
700 3433 761 3474 non
784 3414 940 3477 desistunt
962 3416 1115 3490 famulari,

323 3509 373 3576 85.
388 3513 488 3589 „Mira
510 3516 559 3576 eui
580 3517 700 3577 bonitas
723 3519 772 3578 est
793 3519 825 3578 et
846 3521 1007 3598 praecelsa
1029 3521 1176 3599 potestas,

389 3614 516 3693 „Gloria
538 3619 684 3695 sublimis,
707 3639 820 3701 perpes
843 3622 1006 3682 concordia
1028 3621 1122 3701 pacis,

389 3719 585 3796 „Laudabilis
607 3723 706 3804 pietas
727 3723 913 3803 nimiumque
934 3724 1070 3802 benigna
1092 3725 1245 3784 voluntas.

390 3823 494 3900 „Talis
516 3843 648 3905 namque
669 3845 773 3901 meus,
804 3845 894 3906 quem
916 3826 1026 3904 diligo,
1056 3828 1178 3887 constat
1207 3826 1330 3902 amicus,

326 4027 358 4072 to.
373 4027 550 4080 rutilarunt,
571 4027 615 4079 M.;
635 4028 660 4071 P.
680 4027 783 4080 corrigirt
801 4029 822 4067 ln
839 4027 965 4073 rrrtllum.
997 4031 1030 4072 δ’).
1048 4027 1207 4082 scelerum,
1228 4029 1251 4070 C.
1272 4041 1294 4072 u.
1310 4029 1335 4078 S.

332 4132 335 4140 .
379 4095 411 4136 77.
432 4096 617 4149 Factorert,
638 4096 670 4140 Μ.
692 4109 713 4140 ιι.
738 4096 764 4141 Ρ.
801 4098 835 4140 82.
853 4097 1006 4152 injunctis,
1026 4097 1050 4139 C.
1067 4096 1334 4153 namneticorum.

378 4165 412 4208 85.
431 4165 505 4208 Mira
519 4167 574 4222 tul,
591 4165 614 4209 0.
630 4178 651 4208 u.
666 4164 689 4208 S.
913 4174 915 4177 ’
