3080 4892
549 479 701 548 -293
744 513 789 532 -·-

541 657 781 720 Hadrianus.

150 746 281 820 Quare?

583 827 751 894 Caritas.
892 875 905 911 ,

150 937 233 1009 Quia
253 937 377 999 mentiri
398 937 479 1000 nolo.
521 934 591 1016 Ego
611 934 735 1016 quidem
757 937 789 998 et
810 955 934 998 sorores
955 955 1043 999 meae
1065 938 1183 1002 eisdem

149 1041 332 1125 parentibus
353 1035 487 1122 genitae,
503 1040 624 1102 hisdem
635 1039 675 1121 ⁵¹)
698 1039 900 1102 sacramentis
916 1040 1052 1104 imbutae
1068 1061 1183 1120 sumus,

149 1165 213 1208 una
234 1145 404 1224 eademque
420 1145 493 1206 fidei
511 1144 682 1207 constantia
696 1145 874 1221 roboratae3
897 1148 1085 1226 quapropter
1096 1147 1182 1224 scito,

137 1251 293 1334 ,nostrum
313 1249 405 1325 velle,
428 1251 569 1310 nostrum
590 1247 773 1324 consentire,
794 1249 934 1310 nostrum
955 1267 1065 1331 sapere
1087 1269 1183 1312 unum

150 1352 298 1432 idemque
322 1371 400 1428 esse,
423 1370 482 1412 nec
503 1371 553 1413 me
573 1351 607 1412 in
627 1349 691 1413 ullo
713 1369 857 1432 nmquam
875 1352 937 1414 illis
960 1352 1119 1415 dissidere.

541 1454 777 1516 Hadrianus.

153 1557 323 1642 Oinjuria,
353 1558 475 1641 quoda
497 1558 619 1620 tantilla
651 1559 745 1620 etiam
766 1561 966 1641 contempnor
998 1560 1183 1625 homullula!

579 1659 748 1724 Caritas.

147 1767 238 1830 Licet
258 1769 375 1832 tenella
397 1768 455 1830 sim
476 1769 588 1843 aetate,
610 1769 715 1828 tamen
737 1783 837 1848 gnara
866 1786 935 1830 sum
964 1770 996 1831 te
1018 1786 1183 1850 argumen-

147 1877 216 1938 tose
240 1873 441 1936 confundere.

542 1955 784 2018 Hadrianus.

147 2063 305 2125 Abstrahe
320 2061 413 2139 illam,
429 2060 592 2135 Antioche,
614 2062 645 2122 et
663 2059 722 2135 iao,
741 2065 784 2136 ut,
800 2079 953 2144 suspensa
966 2060 998 2125 in
1013 2062 1130 2140 asuleo,
1142 2061 1184 2145 ω)

149 2167 298 2228 atrociter
318 2167 513 2227 verberetur.

547 2249 787 2314 Antiochus.

150 2355 283 2431 Vereor,
306 2354 389 2436 quod
408 2355 544 2416 verbera
563 2373 626 2418 non
647 2355 859 2438 praevaleant.

542 2457 783 2520 Hadrianus.

149 2563 184 2626 Si
205 2583 266 2626 non
287 2563 499 2644 praevaleant,
518 2562 602 2644 jube,
624 2563 724 2624 tribus
747 2559 898 2625 continuis
922 2560 1030 2623 diebus
1053 2579 1089 2623 ao
1111 2581 1183 2624 noc·

147 2669 232 2730 tibus
254 2669 412 2729 fornacem
433 2667 580 2728 succendi
602 2665 739 2728 atillam
759 2665 841 2727 inter
854 2665 1024 2727 bachantes
1046 2665 1184 2727 flammas

147 2771 255 2854 proici.
633 2811 643 2852 t

585 2853 756 2917 Caritas.

149 2961 325 3042 Ojudicem
340 2960 538 3043 inpotentem,
556 2959 608 3038 qui
628 2958 748 3034 diffidit,
764 2978 798 3020 se
818 2960 935 3041 absque
953 2959 1046 3022 armis
1066 2957 1185 3040 ignium

149 3068 334 3127 ootuennem
346 3063 386 3146 ⁶³)
407 3064 557 3125 infantem
578 3081 727 3146 superare
749 3066 858 3145 possel

543 3167 781 3229 Hadrianus.

149 3271 220 3346 Abi,
242 3269 406 3347 Antioche,
430 3272 461 3332 et
482 3271 654 3352 injunctum
675 3269 811 3332 officium
832 3271 957 3353 perfice.
1001 3339 1003 3342 ,

190 3435 196 3448 ,
585 3370 756 3436 Caritas.
1076 3449 1079 3452 Ι

151 3478 308 3542 Saevitiae
334 3479 459 3559 quidem
486 3479 559 3539 tuae
582 3475 800 3538 satisfaciendo
822 3475 952 3557 parebit,
981 3477 1037 3538 sed
1058 3496 1108 3538 me
1128 3476 1184 3540 mi-

150 3583 231 3644 nime
253 3583 384 3659 nocebit,
402 3581 473 3662 quia
491 3600 550 3642 nec
572 3580 706 3641 verbera
725 3579 786 3640 mei
802 3579 1017 3660 corpusculum
1033 3581 1184 3656 lacerare,
1284 3579 1287 3584 ’
1381 3573 1382 3576 “
1401 3627 1406 3638 .
1435 3633 1438 3643 ,

150 3705 210 3748 nec
232 3687 375 3748 fiammae
395 3703 513 3748 comam
533 3685 587 3746 vel
606 3689 713 3747 vestes
734 3684 881 3763 poterunt
902 3683 1072 3744 obfuscare.

545 3804 790 3866 Hadrianus.

150 3891 352 3972 Experietur.

177 4126 592 4182 51Jeisdsm,c.;esusdem,s.
619 4126 938 4182 sn)equuteo‚s.o.1ug.
964 4127 1003 4182 53)
1016 4127 1182 4182 octennem,

232 4198 263 4254 0.,
280 4197 304 4240 S.
321 4212 343 4243 u.
357 4199 404 4252 Mu.
