3134 4896
759 491 807 516 »-
848 453 977 528 86,-

363 633 433 702 185.
458 633 503 713 ,Si
523 657 580 718 pro
601 657 650 700 me
672 637 830 719 proprium
851 637 997 717 dignatur
1019 653 1147 718 poscere
1169 636 1283 698 natum

444 743 536 819 „Sol
560 742 587 803 si
607 741 732 824 pollutis
754 742 838 802 illam
860 741 996 820 rogitare
1018 739 1140 801 labellis

444 844 611 927 „Coeperq
633 845 777 906 bachanti
799 864 898 925 nuper
921 863 1011 923 quam
1034 843 1126 904 corde
1148 842 1273 920 negavi,

444 947 516 1025 „Me
538 969 650 1010 vereor
671 948 799 1008 flammis
822 947 907 1010 coelo
930 946 1102 1008 consumier
1124 947 1216 1020 actis,

386 1101 389 1107 r
445 1052 563 1128 „Ferre
574 1071 676 1112 meum
690 1051 808 1113 lacinus
824 1051 895 1130 quia
916 1071 978 1112 non
993 1050 1107 1130 patitur
1122 1067 1220 1128 grave
1238 1047 1379 1108 mundus.

381 1151 431 1216 90.
445 1153 620 1231 „Attamem
642 1154 784 1216 instantis
807 1173 900 1214 causa
922 1156 1053 1232 cogente
1076 1152 1198 1224 doloris,

445 1255 614 1339 „Ejusdem
636 1258 770 1318 celerem
790 1257 923 1338 supplex
945 1259 1068 1336 quaero'
1077 1255 1231 1337 pietatem,

446 1359 534 1434 „Quo
557 1361 692 1422 clemens
716 1359 847 1420 animam
868 1361 1138 1441 precibussolrat
1159 1357 1355 1438 perituram.“

444 1461 533 1524 Haec
554 1481 659 1524 secum
682 1463 817 1542 querulis
839 1464 965 1524 nimium
986 1464 1107 1524 dicebat
1128 1459 1249 1534 amaris,

446 1566 488 1628 Et
508 1566 602 1628 saecli
622 1566 705 1628 curis
727 1567 816 1628 citius
838 1567 876 1627 de
898 1566 990 1628 corde
1011 1565 1154 1646 repulsis,

363 1665 576 1750 195.1npiger
597 1671 636 1730 ad
658 1671 804 1750 templum
825 1673 979 1751 properat,
1001 1671 1058 1730 sub
1080 1669 1195 1729 honore
1215 1665 1352 1726 dicatum

443 1771 583 1852 Virginis
602 1773 736 1836 intactae
756 1773 925 1853 matrisque
945 1773 1004 1834 Dei
1027 1771 1234 1844 venerandae,

446 1874 551 1937 Octies
572 1878 604 1936 et
624 1876 756 1956 spatium
775 1876 929 1954 transegit
949 1876 1083 1955 quinque
1105 1874 1232 1947 dierum,

444 1977 515 2039 Illic
535 1979 665 2040 contrito
686 1979 805 2040 deflens
826 1997 882 2040 sua
903 1979 994 2038 corde
1015 1978 1122 2059 piacla,

446 2081 591 2165 Denegat
611 2085 705 2162 atque
726 2081 792 2157 sibi,
812 2081 947 2142 lacrimis
967 2081 1097 2141 satiatus
1118 2078 1239 2153 amaris,

363 2181 434 2247 200.
447 2184 556 2246 Omnia
576 2186 728 2246 cultorum
748 2186 972 2246 delectamenta
994 2184 1139 2256 ciborum,

446 2285 571 2350 Scilicet
591 2293 623 2350 et
642 2289 781 2368 requiem
800 2288 897 2350 somni
918 2286 1096 2367 saepissime
1119 2285 1248 2357 dulcem,

445 2389 585 2471 Pervigil
602 2392 635 2452 in
656 2392 753 2452 sacris
774 2411 891 2452 summo
913 2391 1071 2450 conamine
1091 2389 1181 2450 rotis.

444 2493 513 2556 Tali
532 2489 674 2574 percerte
696 2514 808 2576 corpus
829 2494 1002 2573 frangendo
1022 2494 1128 2554 labore

443 2597 596 2676 Purgavit
615 2597 749 2660 lacrimis
769 2597 887 2658 animae
909 2597 1046 2656 maculas
1067 2594 1202 2656 vitiatae.

358 2696 430 2762 205.
486 2698 545 2760 His
563 2703 644 2762 bene
664 2701 821 2781 perfectis,
841 2699 967 2760 nimium
988 2719 1057 2759 cum
1077 2699 1179 2758 lassus
1200 2696 1231 2756 in
1252 2694 1336 2758 horis

443 2801 611 2866 Nocturnis
632 2804 716 2864 molli
737 2803 866 2863 dederat
887 2821 943 2863 sua
963 2803 1101 2862 membra
1122 2799 1215 2880 quiet'

444 2904 552 2966 Astitit
571 2906 602 2966 in
623 2905 737 2966 somnis
758 2905 803 2965 illi
823 2904 994 2966 castissima
1014 2904 1098 2982 regis

443 3007 573 3070 Aeterni
592 3008 739 3086 genitrix,
761 3009 870 3069 eadem
890 3008 995 3068 mundi
1016 3007 1212 3079 dominatrix,

444 3108 569 3171 Scilicet
585 3110 748 3184 arixilium,
770 3131 843 3190 spes
864 3111 1063 3188 solamenque
1084 3111 1226 3190 paratum

357 3208 429 3274 210.
440 3211 517 3292 Ejus
536 3213 724 3294 praesidium
745 3214 858 3274 devota
877 3215 980 3273 mente
1001 3216 1192 3293 precantum,

443 3314 569 3378 Talibus
592 3319 624 3376 et
642 3317 746 3376 verbis
768 3318 906 3378 terrebat
928 3317 1021 3377 corda
1041 3316 1202 3396 paventis:

485 3417 531 3492 „0
553 3418 611 3492 vir,
628 3437 683 3478 cur
702 3419 801 3480 nostri
819 3420 931 3498 vigilas
952 3421 992 3480 ad
1013 3421 1116 3482 limina
1135 3418 1251 3498 templi,

441 3519 522 3596 „Vel
541 3540 596 3582 cur
613 3543 705 3604 posse
727 3521 788 3582 mei
808 3523 940 3584 colerem
961 3525 1056 3584 temet
1077 3523 1224 3602 pietatem

442 3623 638 3700 „Praesumis
659 3643 796 3706 sperare,
816 3645 919 3688 meum
940 3626 992 3704 qui
1013 3625 1145 3703 denique
1166 3627 1281 3699 natum,

359 3721 431 3787 215.
446 3726 519 3803 „Me
538 3731 730 3807 matremque
750 3727 800 3790 sui
819 3727 1064 3809 perversocorde
1084 3727 1237 3805 negasti?

440 3829 525 3905 „Dia
547 3848 634 3908 rogo,
655 3828 725 3908 quis
745 3830 841 3892 oculis
862 3829 976 3909 possim
993 3828 1051 3890 mis
1072 3847 1201 3890 cernere
1222 3828 1318 3909 prolis

438 3930 588 4008 „Divinae
607 3932 737 4006 vultum,
758 3931 885 3993 coelesti
904 3932 974 3993 luce
997 3952 1169 4006 coruscum,

353 4083 559 4099 ...ᾳ-...κ-

363 4163 624 4219 ‘192.1nlret,c.u·
640 4164 664 4210 S.
691 4165 737 4208 2⁰5.
757 4161 923 4218 caussasse,
940 4165 965 4206 P.
997 4165 1044 4208 20⁶.
1064 4165 1196 4207 declinat
1216 4175 1264 4218 tua,
1280 4163 1304 4207 C.
1324 4165 1381 4210 u-S.

135 4560 344 4850 ,l
558 4344 1044 4850 suu
