3144 4888
568 493 808 562 aial-

290 669 352 730 Per
374 671 559 750 quaerent
581 671 689 732 erelirc
711 671 862 733 miracula
881 673 971 734 touta
989 674 1122 752 pdtnntm
1144 721 1147 730 .

200 769 273 834 405.
288 771 375 832 Ense
397 772 608 847 redimisse,
632 776 773 834 tenerum
795 775 903 852 guttur
925 775 1129 854 penetrando,
1272 779 1274 784 '

288 874 437 955 Martyris
460 875 608 952 egregiae
626 875 770 955 jugulum
792 877 927 956 perfodit
948 895 1053 950 arare,

289 977 331 1038 Et
352 977 420 1037 viee
444 993 603 1050 conversa,
627 978 708 1056 quod
729 997 791 1038 uon
813 978 960 1058 speravit,
982 979 1103 1057 agendo

286 1079 337 1139 Illi
359 1080 498 1160 profecit,
522 1080 572 1143 oui
594 1080 691 1158 gratis
715 1082 830 1163 obesse¹
847 1080 974 1159 cupivit,

286 1181 510 1244 [transmittens
533 1182 628 1255 coelo,
658 1199 749 1261 quam
771 1183 926 1247 subtraxit
945 1183 1025 1248 male
1047 1183 1169 1244 mundo.

198 1281 348 1346 transt
369 1285 431 1358 ubi,
453 1303 508 1364 pro
532 1282 653 1346 Christo
675 1285 763 1344 letali
783 1284 914 1348 vulnere
936 1286 1029 1360 laesa,

285 1385 471 1452 Extremum
491 1385 620 1446 Domino
642 1387 749 1446 flatum
769 1387 872 1448 reddit
893 1389 1050 1449 moriendo

285 1488 387 1567 Atque
410 1489 470 1550 fide
493 1489 580 1552 salva
603 1489 742 1565 gaudens
765 1490 948 1551 obdormirit
969 1490 1002 1551 iu
1023 1491 1086 1565 illc,

269 1589 378 1653 'Ocius
400 1591 534 1668 angelici
555 1594 670 1663 coetus,
694 1592 732 1652 de
756 1591 856 1652 sidere
878 1592 966 1672 lapsi,

285 1692 434 1755 Astantes
457 1693 598 1767 animam,
620 1694 711 1754 niveo
734 1693 868 1756 candore
891 1713 1051 1756 coruscum

197 1791 269 1856 415.
283 1794 414 1855 Necnon
437 1795 580 1856 eoelestis
603 1797 762 1876 pertusam
783 1797 853 1857 luce
875 1797 992 1872 nitoris,

284 1896 405 1962 Blande
428 1896 600 1976 suscipiunt
619 1898 755 1976 laetique
776 1919 833 1978 per
855 1903 929 1961 a'e'ra
949 1900 1070 1974 tollunt,

283 1997 427 2076 Congrue
450 1998 572 2060 divinae
593 2000 693 2062 laudis
715 2001 930 2062 resonantibus
952 2002 1083 2082 hymnis,

282 2100 422 2179 Indeque
445 2103 654 2166 transvectam
676 2103 795 2164 celeres
818 2123 912 2183 super
934 2104 1070 2166 aetheris·
1091 2105 1182 2182 ignes

282 2202 406 2263 Ducunt
428 2204 613 2282 astrigeram
635 2205 739 2286 spousi
762 2206 904 2266 coelestis
927 2206 959 2266 in
982 2207 1092 2280 aulam,

198 2302 269 2365 420.
287 2305 316 2364 Α
340 2325 398 2384 quo
421 2307 563 2366 continuo
587 2307 704 2368 clarum
725 2307 872 2368 rutilante
895 2327 1008 2370 corona

284 2407 426 2467 Donatur
446 2427 543 2488 purae
564 2428 620 2488 pro
642 2409 830 2486 virginitatis
853 2409 978 2470 bonore.

282 2509 349 2569 Nee
370 2509 470 2570 minus
494 2529 580 2588 ergo,
601 2511 650 2572 sui
671 2511 760 2590 signo
783 2511 925 2574 donanda
947 2510 1100 2590 triumphi,

284 2610 429 2692 Martyrii
451 2612 585 2691 palmam
607 2614 749 2693 sumpsit,
772 2614 838 2676 sina
860 2614 922 2676 fine
944 2614 1125 2691 gerendam,

285 2712 353 2783 Quo
376 2716 495 2794 martyr
518 2714 603 2788 felir,
627 2715 742 2794 duplici
764 2715 934 2778 certamine
952 2714 1076 2787 victrix,

199 2811 272 2876 425.
288 2813 433 2896 Corporis
455 2819 487 2876 et
508 2817 629 2891 mentis,
652 2817 738 2879 carui
760 2835 882 2896 semper
903 2816 1076 2891 renitentis,

282 2917 381 2981 Utens
403 2919 523 2981 aeterni
544 2919 652 2983 bravio
675 2919 795 2982 decoris
818 2918 982 3000 duplicato,

283 3020 372 3081 Inter
394 3021 554 3099 virgineas
574 3023 711 3100 fulgeret
732 3021 816 3084 clare
838 3024 991 3093 cateruas,

283 3121 363 3182 Lilia
386 3142 452 3195 ceu,
473 3124 603 3203 pulchre
625 3143 716 3186 roseo
736 3123 891 3204 permixta
913 3125 1035 3199 rubore,

283 3224 371 3285 Inter
394 3225 519 3285 delicias
541 3226 651 3286 florum
672 3226 779 3286 rutilat
799 3226 964 3286 variorum.

198 3322 270 3388 430.
288 3325 416 3390 Interea
438 3346 559 3406 quoque
582 3346 770 3389 summorum
791 3345 880 3389 sacra
902 3346 978 3392 eura
999 3328 1163 3408 parentum

285 3427 454 3488 Excultum
476 3445 589 3506 magne
611 3429 704 3488 funus
725 3429 905 3488 venerabile
927 3447 1039 3508 pompa

284 3528 322 3589 Iu
345 3529 461 3608 gremio
484 3532 587 3590 terrae
609 3532 673 3590 toto
696 3529 834 3589 contexit
855 3529 987 3604 honore;

287 3629 354 3691 Nec
376 3632 478 3692 saltim
499 3633 622 3692 bustum
645 3633 786 3690 saeratae
808 3630 940 3708 virginis
962 3629 1072 3710 ipsum,

284 3731 375 3802 Quod
397 3752 453 3812 pro
476 3733 637 3793 servandis
661 3732 766 3793 fuerat
785 3732 964 3793 venerabile
986 3729 1140 3804 membris,

197 3829 270 3895 435.
288 3832 466 3896 Sollicitudo
488 3835 656 3915 parentalis
679 3835 863 3915 contempsit
884 3833 1004 3910 amoris,

223 3971 404 3982 ...aa—-

224 4031 270 4078 lca.
284 4045 389 4087 enare,
403 4034 428 4076 G.
442 4047 464 4078 u.
479 4031 502 4076 S.
531 4031 576 4077 uc.
591 4034 626 4076 Ar
640 4035 690 4088 ubl,
706 4032 730 4076 0.
744 4047 767 4078 u.
782 4032 805 4078 S.
834 4031 880 4078 tad.
896 4033 1000 4076 brevic
1014 4032 1109 4086 regul,
1125 4029 1149 4074 c.
1164 4041 1187 4073 n.
1202 4026 1226 4073 S.

276 4100 322 4149 ⁴2¹1.
340 4102 502 4158 vlrgluecs,
517 4100 548 4144 Μ.
569 4103 628 4144 ιι.Ρ.
657 4103 704 4148 ⁴28.
720 4103 857 4156 pulebre,
872 4103 914 4159 Μ.;
935 4101 1090 4155 pulchrae,
1106 4100 1146 4152 P.;
1168 4098 1227 4152 pul·

287 4173 366 4228 ebro,
382 4173 406 4217 0.
423 4184 446 4216 u.
460 4171 483 4214 8.
515 4170 561 4214 ⁴29.
576 4171 718 4226 rutilant,
739 4171 799 4216 Qu.
813 4171 838 4216 S.
864 4171 909 4219 ³³¹,
928 4170 1096 4223 excultam,
1111 4167 1145 4210 Μ.
1161 4179 1184 4212 u.
1199 4167 1227 4210 Ρ.

970 4225 1017 4288 9*
