3122 4894
749 385 988 454 ..248-

732 559 997 642 Paphnutius.

355 665 417 739 Qui
436 666 584 740 amentes,
606 664 680 725 dum
701 681 793 726 caeco
816 665 917 741 corde,
940 664 1007 745 quis
1029 665 1234 742 illamnadeot
1256 669 1385 730 muten-

355 768 441 845 dunt,
463 767 602 830 convicia
624 769 805 848 conger-unt.
920 803 922 810 ,

724 867 727 873 ’
760 869 978 952 Discipuli.

357 973 460 1040 Unum
480 972 590 1036 vitium
610 974 700 1056 parat
724 973 816 1034 aliud.
930 971 933 978 ⁴

734 1075 999 1157 Paphnutius.

354 1179 483 1257 Deinde,
505 1179 581 1242 inito
602 1178 778 1255 certamine,
800 1195 883 1240 nunc
904 1196 958 1240 cra
978 1199 1133 1261 naresque
1162 1182 1276 1262 pugnis
1297 1183 1383 1245 iran-

353 1283 471 1364 gendo,
499 1301 582 1346 nuno
603 1281 696 1344 armis
717 1281 852 1344 vicissim
874 1283 1027 1358 eiciendo,
1058 1283 1251 1346 decurrentis
1273 1285 1383 1352 illuvio

356 1383 512 1468 sanguinis
533 1384 742 1446 madefaciunt
761 1385 867 1445 limina
887 1385 1053 1466 lupanaris.

760 1485 971 1569 Discipuli.

247 1577 251 1582 ¹
353 1591 380 1656 0
401 1592 494 1676 nefas
516 1589 715 1654 detestabile!

738 1693 997 1777 Paphnutius.
1045 1707 1048 1714 ’

351 1798 441 1861 Haec
461 1797 590 1882 injuria,
613 1815 705 1880 quam
727 1798 839 1860 deflevi
860 1798 1010 1875 Pastoris,
1033 1799 1111 1860 haec
1133 1802 1181 1863 est
1203 1818 1297 1863 caum
1318 1801 1381 1864 mei

356 1901 478 1964 doloris.

762 1985 974 2068 Discipuli

350 2089 463 2152 Merito
486 2107 579 2171 super
600 2089 658 2150 hoc
680 2089 880 2164 contristaris,
903 2109 961 2151 nec
983 2089 1166 2168 dubitamus,
1189 2091 1262 2173 quin
1277 2094 1381 2156 tecum

350 2191 570 2256 contristentur
592 2190 676 2254 cives
697 2191 816 2275 patriae
840 2193 991 2255 coelestis.

730 2295 994 2377 Paphnutius.

351 2399 443 2477 Quid,
466 2399 493 2461 si
513 2399 598 2462 iliam
620 2399 728 2461 adeam
750 2401 807 2461 snb
831 2400 932 2482 specie
956 2400 1108 2477 amatoria,
1132 2401 1159 2462 si
1181 2403 1262 2464 forte
1284 2422 1377 2465 revo-

353 2503 417 2570 cari
436 2503 535 2587 possit
556 2504 594 2566 ab
616 2503 785 2566 intentione
807 2505 1017 2584 nugacitatis?

762 2607 974 2689 Discipuli.
1253 2675 1263 2684 p

351 2709 413 2783 eui
435 2714 507 2774 tuae
537 2709 714 2792 cogitationi
741 2711 904 2773 instillavit
932 2711 1031 2787 velle,
1060 2710 1127 2794 ipse
1148 2712 1289 2794 praestet
1311 2712 1377 2774 effi-

353 2814 468 2878 caciam
488 2834 589 2896 posse.

730 2897 992 2980 Paphnutius.

350 3002 473 3068 Fulcite
494 3021 543 3063 me
565 2999 689 3062 interim
709 3005 852 3083 precibus
875 3000 1020 3080 assiduus,
1042 3021 1083 3063 ne
1105 3015 1235 3086 superer
1256 3002 1376 3065 insidiis

348 3104 452 3168 vitiosi
472 3103 635 3184 serpentis.

397 3211 408 3228 ··
756 3183 975 3270 Discipuli..
1071 3257 1074 3264 ,

349 3289 410 3362 Qui
432 3305 539 3370 regem
558 3287 727 3372 prostravit
748 3293 1015 3392 tenebricolarum,
1037 3293 1188 3376 largiatur
1201 3295 1255 3357 tihi
1267 3295 1374 3358 contra

347 3395 468 3458 hostem
490 3391 683 3474 triumphum.

724 3617 805 3700 Pap
816 3620 865 3680 hn
872 3619 929 3680 uti
937 3641 956 3680 u
965 3640 988 3680 s.

345 3720 437 3797 Ecce,
451 3713 589 3802 'juvenes
610 3717 642 3779 in
665 3719 741 3782 foro.
783 3721 860 3782 Illos
882 3723 1014 3804 primum
1035 3723 1124 3788 adibo
1147 3727 1187 3802 et,
1210 3725 1262 3788 uhi
1282 3725 1371 3802 hano,

348 3843 439 3907 quam
461 3839 584 3905 quaero,
605 3821 770 3900 inveniam,
792 3825 917 3904 rogabo.

756 3943 946 4006 iuvenes

344 4045 402 4124 En,
425 4047 551 4128 ignotus
573 4045 694 4130 quidam
716 4065 772 4108 nos
795 4046 876 4126 adit3
900 4048 1104 4132 experiemur,
1127 4050 1201 4132 quid
1221 4053 1307 4118 velit„
