3134 4896
559 489 773 558 ...21-

247 672 408 748 Abiathar,
431 689 523 752 quem
540 670 605 750 jam
625 667 757 741 memini,
780 666 929 748 sublege
951 665 1095 730 sacerdos

246 778 420 840 Ascensum
441 774 593 855 gradem
615 770 792 832 conscendit
813 789 945 850 namque
967 772 1133 852 superbum

244 880 374 942 Praesul
396 883 428 940 et
449 877 563 939 astanti
585 876 705 937 dicebat
727 874 800 936 talia
821 874 920 954 plebi:

287 975 359 1059 „Ex
381 1001 440 1063 quo
463 981 670 1042 constructum
692 977 795 1039 fuerat
815 977 992 1058 praenobile
1008 978 1154 1058 templum

157 1085 232 1151 415.
245 1086 352 1162 „Istud
374 1104 430 1166 per
451 1083 556 1164 magni
577 1082 661 1162 regis
684 1081 818 1144 studium
840 1080 1018 1156 Salomonis,

245 1189 306 1266 „Ut
327 1188 420 1264 scitis,
443 1207 518 1248 rere
539 1188 719 1246 manserunt
740 1205 861 1266 semper
882 1184 914 1246 in
935 1184 987 1246 illo

248 1293 379 1369 „Forma
402 1289 581 1371 conspicuae
603 1289 707 1351 vultus
728 1291 831 1350 aetate
846 1288 980 1350 tenellas

247 1395 366 1473 „llatae
388 1393 534 1455 nobilium
555 1393 670 1455 famoso
693 1392 831 1472 germine
853 1410 962 1472 regum

244 1500 367 1579 „Atque
389 1497 590 1570 sacerdotum,
612 1498 718 1557 vatum
740 1495 917 1576 pariterque
938 1494 1082 1576 priorum,

158 1602 233 1667 420.
246 1603 354 1680 „Quae
376 1601 513 1662 celebres
536 1598 616 1661 omni
637 1598 745 1660 merito
767 1617 908 1659 mansere
930 1597 1061 1679 popello.

250 1704 362 1783 „Certe
383 1703 521 1785 perfecta
542 1701 598 1762 sed
618 1721 692 1764 mox
712 1704 814 1764 aetate
836 1704 970 1782 recepta,

247 1807 455 1889 „Oonjugibus
476 1807 580 1867 tantae
603 1805 763 1886 condignis
786 1807 858 1866 sunt
879 1804 1021 1878 sociatae,

245 1911 363 1989 „Multo
384 1908 544 1989 magisque
565 1909 631 1970 Deo
653 1908 836 1989 placuerunt
856 1927 978 1990 semper
999 1909 1037 1969 eb
1059 1907 1120 1969 illo.

246 2014 353 2092 „More
375 2013 431 2074 sed
451 2012 572 2074 insolito
595 2016 701 2094 sperat
721 2031 756 2074 se
777 2012 867 2092 virgo
888 2011 988 2074 Maria

165 2116 239 2184 425.
250 2119 366 2195 „Posse
386 2117 511 2198 placere
532 2115 592 2176 tuis
611 2115 732 2178 Domini
753 2135 808 2198 pro
830 2115 950 2178 nomine
971 2115 1092 2196 spretis.

249 2221 366 2298 „Nunc
389 2219 528 2299 quianon
549 2221 677 2294 constat,
698 2223 804 2282 votum
832 2239 866 2280 se
894 2219 1027 2281 reddere
1054 2219 1181 2292 anum,

245 2327 385 2403 „Restat
407 2326 442 2385 ut
462 2322 671 2385 Altithronum
691 2323 834 2406 precibus
856 2323 949 2403 digne
970 2322 1147 2403 rogitemus,

245 2428 307 2506 „Ut
326 2447 382 2490 uos
404 2427 485 2488 forte
507 2426 569 2488 suis
591 2426 686 2490 faciat
708 2445 895 2508 cognoscere
913 2427 1017 2508 jussis,
1131 2471 1132 2476 η

243 2531 353 2608 „Hanc
375 2531 447 2611 qnia
467 2530 561 2610 legali
582 2531 629 2592 sas
650 2529 690 2592 sit
712 2549 781 2592 oum
801 2529 927 2592 foedere
946 2529 1065 2613 jungi.“

158 2633 230 2698 430.
329 2634 396 2696 Tali
418 2633 543 2695 consilio
565 2652 752 2696 consensum
767 2633 864 2716 plebis
886 2633 1006 2714 adepto,

247 2738 368 2802 Sortem
388 2737 547 2819 pontifices
568 2738 717 2798 miserunt
737 2736 876 2820 primitus
897 2755 1001 2800 omnes

244 2842 332 2904 Inter
353 2859 484 2921 namque
505 2840 603 2912 tribus
625 2840 772 2904 Israhelis
795 2841 961 2914 duodenas,
1043 2911 1046 2916 y

243 2944 331 3016 Quae
352 2964 425 3006 mox
447 2944 606 3024 egregiam
628 2944 727 3008 Judee
750 2945 939 3024 signatiora
962 2944 1093 3026 dignam.

246 3048 316 3120 Qua
337 3048 499 3127 designata
520 3066 595 3128 prae
618 3049 734 3110 cunctis
757 3049 874 3112 scilices
895 3067 965 3125 una,

158 3148 447 3232 435.Praecepere,
468 3151 551 3212 uiros
573 3153 711 3232 ejusdem
732 3152 878 3233 germinis
900 3171 1014 3228 omnes,

245 3254 330 3325 Quos
353 3254 418 3316 sine
441 3255 622 3336 conjugibus
644 3256 718 3319 lecit
739 3257 907 3320 consistere
930 3275 1028 3333 casus,

245 3356 396 3420 Collectos
419 3377 495 3438 ergo
518 3378 701 3421 concurrere
724 3362 789 3422 sole
811 3361 945 3424 secundo

244 3461 287 3524 Et
307 3461 445 3524 manibus
467 3462 573 3542 virgas
595 3463 714 3526 dextris
737 3464 877 3524 conferre
900 3463 1046 3534 novellas.

328 3564 386 3626 His
408 3565 502 3646 igitur
525 3567 642 3628 cunctis
665 3570 728 3628 tcto
750 3565 907 3631 conamine
929 3565 1026 3640 lectis,

157 3665 230 3731 440.
243 3668 379 3730 Advenit
401 3668 512 3748 dignus
534 3670 636 3732 senior
658 3670 774 3752 Joseph
796 3670 928 3734 sociatus

248 3771 325 3847 Illis,
347 3773 506 3834 incurvam
526 3781 651 3856 portans
673 3776 729 3836 sub
751 3775 851 3836 indice
872 3773 1000 3853 virgam

244 3874 289 3938 At
308 3893 384 3936 vcro
406 3895 540 3938 summm
561 3878 667 3957 virgas
689 3878 824 3942 tollendo
846 3876 989 3940 sacerdos

182 4076 228 4123 42¹5.
246 4078 334 4130 placore
350 4079 430 4132 stris,
447 4079 536 4121 C.u.S.
550 4078 595 4122 430.
612 4084 1176 4140 consensu.M.,P.‚o.u.s.tsl.pontiden,

247 4147 315 4192 bbu.
335 4148 359 4190 Ρ.
386 4148 459 4207 aba(
501 4152 584 4207 Nlo,
603 4152 641 4210 ἃς
664 4153 739 4208 Pila,
758 4153 780 4198 S.
808 4153 1170 4211 tt1.=uslnolse‚ot.;te?.

246 4221 395 4278 unbeqtlmuot.
