3080 4892
756 433 995 500 -294-

789 607 963 673 Caritas.

360 696 559 780 Experiatur.

798 781 954 792 -ιι

455 905 458 912 ·
752 866 935 929 Hadrian
972 886 995 930 s.

360 971 523 1053 Antiocho,
545 971 619 1056 quid
639 971 780 1056 pateris?
825 969 888 1033 Our
908 887 1026 1034 tribtior
1048 971 1137 1035 solito
1159 971 1366 1052 regrederis?

676 1118 679 1123 -
760 1074 996 1139 Antiochus.

363 1179 495 1252 Quando
525 1197 651 1246 oausam
671 1179 815 1242 tristitiae
839 1179 1019 1261 experieris,
1042 1179 1118 1244 haut
1138 1180 1239 1242 minus
1262 1179 1396 1242 contris·

414 1284 421 1296 ·
459 1281 488 1322 ιι

362 1287 447 1346 tam·
488 1284 518 1366 )’
754 1367 994 1430 Hadrianus.

363 1455 430 1544 Dio,
452 1474 492 1516 ne
515 1454 606 1516 celes.

757 1539 998 1602 Antiochus.

365 1644 426 1707 Illa
457 1645 584 1720 lasciva,
618 1663 710 1725 quam
738 1644 813 1706 mihi
843 1645 1038 1706 cruciandam
1069 1644 1230 1720 tradidisti,
1258 1643 1399 1726 puellula

365 1767 414 1810 me
435 1751 603 1831 praesente
625 1749 850 1828 flagellabatur,
872 1749 928 1809 sed
957 1769 997 1809 ne
1026 1750 1128 1810 tenuis
1161 1749 1284 1829 quidem
1318 1748 1399 1809 entis

365 1855 575 1914 summotenus
598 1853 855 1934 disrumpebatur.
898 1852 1018 1913 Deinde
1037 1853 1154 1934 projeci
1175 1852 1259 1913 illam
1281 1852 1312 1912 in
1335 1853 1398 1913 for-

364 1975 481 2033 nacem,
500 1955 625 2036 igneum
648 1956 781 2017 colorem
802 1975 878 2037 pree
907 1955 998 2017 nimio
1027 1956 1137 2029 ardore
1161 1957 1397 2038 exprimentem.

761 2076 1003 2139 Hadrianus,

367 2177 429 2242 Cur
451 2178 625 2240 dissimulas
647 2179 755 2259 loqui?
776 2180 909 2262 Expone
932 2180 1050 2242 exitum
1071 2179 1125 2240 rei.

758 2283 992 2346 Antiochus.

366 2387 506 2450 Flamma
529 2385 632 2470 erupit
653 2387 686 2449 et
706 2387 842 2468 quinque
863 2387 947 2449 milis
969 2385 1125 2450 hominum
1147 2386 1322 2449 combussit.

726 2524 728 2530 ·
765 2491 1004 2555 Hadrianus,

366 2596 409 2662 Et
431 2597 505 2680 quid
527 2597 656 2680 contigit
677 2597 746 2660 illi?

766 2699 1003 2762 Antiochus.

368 2784 520 2850 Ceritoti?

766 2871 1010 2934 Hadrianus.

367 2959 443 3042 lpsi.

769 3043 998 3108 Antiochus.

368 3149 495 3212 Ludens
531 3148 613 3210 inter
645 3147 863 3211 flammivomos
895 3169 1029 3231 vapores
1060 3150 1197 3230 vagabat
1207 3147 1248 3230 ⁵⁵)
1283 3149 1316 3208 et
1349 3147 1403 3207 illa

369 3251 480 3313 laudes
501 3250 567 3314 Deo
598 3271 652 3313 suo
682 3253 846 3334 pangebat.
889 3252 941 3313 llli
964 3251 1064 3328 etiem,
1094 3253 1146 3334 qui
1168 3251 1334 3330 diligenter
1356 3251 1402 3311 in-

371 3374 516 3438 spexere,
545 3355 695 3432 ferebant,
724 3358 791 3418 tres
821 3356 1000 3419 candidulos
1022 3356 1107 3418 viros
1129 3375 1199 3417 oum
1219 3355 1273 3416 illa
1295 3354 1398 3414 deam·

369 3461 504 3523 bulasse.

768 3545 1002 3608 Hadrianus.

369 3651 529 3716 Erubesce
555 3652 641 3715 illam
669 3651 754 3714 ultra
782 3651 900 3726 videre,
924 3651 996 3730 quis
1016 3669 1138 3730 nequeo
1159 3649 1245 3710 illem
1266 3647 1404 3723 laedere,

765 3754 1000 3818 Antiochus.

369 3862 490 3938 Restat,
512 3863 548 3924 ut
568 3860 738 3944 perimatur
760 3858 872 3940 gladio.

378 4099 434 4155 ht)
448 4098 479 4141 So
493 4099 538 4154 bbg
557 4099 768 4151 contristem,
783 4095 815 4150 0.,
830 4096 854 4141 S.
869 4107 892 4141 ιι.
907 4095 953 4150 Mg.
979 4097 1019 4150 55)
1036 4095 1212 4148 vagabatur,
1227 4092 1261 4146 (b,
1277 4090 1301 4136 S.
1316 4101 1339 4134 ιι.
1353 4089 1405 4146 up,

449 4171 484 4214 dre
498 4171 618 4213 corrector
632 4170 654 4210 ln
669 4169 756 4222 vagat
765 4170 829 4209 stur
843 4168 873 4208 lst
889 4177 933 4207 von
947 4165 1030 4209 Celtes.
1048 4165 1143 4219 (Helm.)
