3144 4888
746 472 985 540 ...156-

745 646 991 711 Gallicanus.

356 749 538 834 Capitolium
567 754 599 814 et
627 752 742 833 templa
769 751 902 832 primum
921 751 1008 812 nobis
1030 751 1174 812 intrando
1195 749 1382 830 numinaque

358 854 486 917 deorum
513 855 664 936 placanda
693 857 765 916 sunt
786 855 848 916 ritu
869 855 1095 928 sacrificiorum,
1118 875 1177 935 quo
1199 873 1384 936 prosperen-

356 959 408 1020 tur
431 957 548 1019 exitum
559 957 599 1040 ³⁶)
621 977 754 1040 pugnae.

786 1059 962 1122 Tribuni.

356 1144 502 1210 Necesse.
869 1227 873 1234 .

768 1231 981 1314 Johsnnes

357 1333 581 1400 Subtrahsmus
602 1354 659 1396 uos
680 1333 811 1398 interim.

788 1437 948 1499 Paulus.

357 1522 463 1585 Deoet.

767 1693 976 1758 lohannes

358 1793 416 1872 En,
429 1797 494 1858 dux
505 1797 678 1878 egreditur3
691 1799 891 1860 ascendamus
904 1817 1007 1877 equos,
1017 1796 1179 1860 offeramus
1190 1815 1252 1857 uos
1265 1796 1387 1858 obviam

798 1900 956 1964 Paulus.

359 1982 407 2045 Ao
429 1985 498 2046 cito.

748 2068 998 2133 Gallioanus.

359 2171 449 2236 Unde
471 2174 607 2237 venitis?
630 2174 690 2239 Ubi
711 2175 833 2237 fuistis?

770 2277 790 2340 J
798 2279 977 2341 ohannes.

361 2375 532 2440 Strarimus
565 2381 744 2457 sarcinulas,
777 2381 1002 2465 praemisimus,
1037 2400 1095 2461 quo
1129 2379 1266 2461 expedit'
1301 2381 1389 2442 tuum

360 2479 420 2543 iter
441 2483 592 2566 possimus
615 2484 759 2546 comitari.

750 2586 997 2650 Gallicanus.

360 2685 571 2750 Placet—O
593 2689 724 2766 tribuni,
747 2693 826 2772 proh
848 2690 1005 2771 luppiter!
1028 2688 1141 2768 aspie-io
1163 2686 1395 2748 innumerabilis

363 2792 519 2852 exereitus
541 2792 692 2870 legiones
707 2793 801 2854 variis
817 2813 972 2854 armorum
988 2791 1200 2853 instrumentis
1222 2790 1394 2854 horribiles.

792 2896 970 2957 Tribuni

360 2979 619 3044 Bonnehomess

752 3064 1002 3128 GalHoanus

362 3169 558 3232 Resistamus
580 3169 702 3231 fortiter
724 3173 756 3231 et
779 3167 1016 3247 congrediamur
1037 3167 1177 3229 viriliter.

790 3271 972 3333 Tribuni

364 3373 398 3436 si
420 3375 468 3434 est
490 3373 574 3434 utilis
596 3373 695 3436 nostri
718 3375 897 3456 congressio
920 3394 990 3435 oum
1011 3373 1130 3436 tontis?

755 3475 1001 3540 Gallicanus.

363 3581 405 3644 Et
428 3583 501 3662 quid
522 3579 691 3642 mavultis?

795 3665 968 3728 Tribuni.

364 3754 552 3817 Submittere
574 3755 660 3815 oolla.

752 3851 1000 3916 Gallicanus.

363 3943 449 4006 Nolit
469 3945 528 4004 hoo
547 3941 675 4024 Apollo!

392 4181 431 4234 ³⁵)
449 4181 553 4232 exitus,
568 4178 614 4233 big.
630 4192 648 4224 s.
664 4189 684 4231 p.
702 4179 744 4221 159.
