<?xml version="1.0" encoding="UTF-8"?>
<!DOCTYPE html PUBLIC "-//W3C//DTD XHTML 1.0 Transitional//EN"
    "http://www.w3.org/TR/xhtml1/DTD/xhtml1-transitional.dtd">
<html xmlns="http://www.w3.org/1999/xhtml" xml:lang="en" lang="en">
 <head>
  <title>
</title>
<meta http-equiv="Content-Type" content="text/html;charset=utf-8" />
  <meta name='ocr-system' content='tesseract 3.04.00' />
  <meta name='ocr-capabilities' content='ocr_page ocr_carea ocr_par ocr_line ocrx_word'/>
</head>
<body>
  <div class='ocr_page' id='page_1' title='image "./diewerkederhrot00hrotgoog_0402.png"; bbox 0 0 3080 4892; ppageno 0'>
   <div class='ocr_carea' id='block_1_1' title="bbox 544 461 782 536">
    <p class='ocr_par' dir='ltr' id='par_1_1' title="bbox 544 461 782 536">
     <span class='ocr_line' id='line_1_1' title="bbox 544 461 782 536; baseline 0 -16"><span class='ocrx_word' id='word_1_1' title='bbox 544 461 782 536; x_wconf 64' lang='grc'>..333-</span> 
     </span>
    </p>
   </div>
   <div class='ocr_carea' id='block_1_2' title="bbox 141 643 1135 2889">
    <p class='ocr_par' dir='ltr' id='par_1_2' title="bbox 144 643 1104 936">
     <span class='ocr_line' id='line_1_2' title="bbox 144 643 1013 726; baseline -0.003 -15"><span class='ocrx_word' id='word_1_2' title='bbox 144 645 220 711; x_wconf 81' lang='grc'><strong><em>770.</em></strong></span> <span class='ocrx_word' id='word_1_3' title='bbox 235 647 374 709; x_wconf 79' lang='lat' dir='ltr'><strong>Advenit</strong></span> <span class='ocrx_word' id='word_1_4' title='bbox 396 645 462 708; x_wconf 81' lang='lat' dir='ltr'>dux</span> <span class='ocrx_word' id='word_1_5' title='bbox 483 643 644 708; x_wconf 78' lang='lat' dir='ltr'>Comedus</span> <span class='ocrx_word' id='word_1_6' title='bbox 666 665 735 706; x_wconf 87' lang='lat' dir='ltr'>cum</span> <span class='ocrx_word' id='word_1_7' title='bbox 756 664 834 726; x_wconf 82' lang='lat' dir='ltr'>pecc</span> <span class='ocrx_word' id='word_1_8' title='bbox 854 667 1013 720; x_wconf 82' lang='lat' dir='ltr'>reversus,</span> 
     </span>
     <span class='ocr_line' id='line_1_3' title="bbox 230 749 1104 830; baseline 0 -18"><span class='ocrx_word' id='word_1_9' title='bbox 230 751 401 814; x_wconf 78' lang='lat' dir='ltr'>Adducens</span> <span class='ocrx_word' id='word_1_10' title='bbox 421 749 639 828; x_wconf 82' lang='lat' dir='ltr'>Beringurium</span> <span class='ocrx_word' id='word_1_11' title='bbox 661 769 757 830; x_wconf 81' lang='lat' dir='ltr'>supra</span> <span class='ocrx_word' id='word_1_12' title='bbox 777 754 986 825; x_wconf 79' lang='lat' dir='ltr'>memoratum,</span> <span class='ocrx_word' id='word_1_13' title='bbox 1100 815 1104 822; x_wconf 64' lang='grc'><strong>,</strong></span> 
     </span>
     <span class='ocr_line' id='line_1_4' title="bbox 231 852 951 936; baseline 0 -22"><span class='ocrx_word' id='word_1_14' title='bbox 231 853 336 936; x_wconf 88' lang='lat' dir='ltr'>Ipsius</span> <span class='ocrx_word' id='word_1_15' title='bbox 357 853 475 932; x_wconf 80' lang='lat' dir='ltr'>ingenii</span> <span class='ocrx_word' id='word_1_16' title='bbox 496 857 621 932; x_wconf 80' lang='lat' dir='ltr'>ceptum</span> <span class='ocrx_word' id='word_1_17' title='bbox 641 852 687 912; x_wconf 86' lang='lat' dir='ltr'>sie</span> <span class='ocrx_word' id='word_1_18' title='bbox 708 855 776 914; x_wconf 85' lang='lat' dir='ltr'>arte</span> <span class='ocrx_word' id='word_1_19' title='bbox 797 854 951 932; x_wconf 72' lang='lat' dir='ltr'>profundi,</span> 
     </span>
    </p>

    <p class='ocr_par' dir='ltr' id='par_1_3' title="bbox 144 954 1135 2169">
     <span class='ocr_line' id='line_1_5' title="bbox 233 954 960 1034; baseline -0.003 -16"><span class='ocrx_word' id='word_1_20' title='bbox 233 954 339 1018; x_wconf 85' lang='lat' dir='ltr'>Gratis</span> <span class='ocrx_word' id='word_1_21' title='bbox 360 961 396 1016; x_wconf 94' lang='lat' dir='ltr'>ut</span> <span class='ocrx_word' id='word_1_22' title='bbox 417 954 540 1018; x_wconf 87' lang='lat' dir='ltr'>Oddoni</span> <span class='ocrx_word' id='word_1_23' title='bbox 562 955 650 1016; x_wconf 79' lang='lat' dir='ltr'>venit</span> <span class='ocrx_word' id='word_1_24' title='bbox 670 974 706 1014; x_wconf 87' lang='lat' dir='ltr'>se</span> <span class='ocrx_word' id='word_1_25' title='bbox 728 955 862 1016; x_wconf 83' lang='lat' dir='ltr'>subdere</span> <span class='ocrx_word' id='word_1_26' title='bbox 882 956 960 1034; x_wconf 82' lang='lat' dir='ltr'>regi.</span> 
     </span>
     <span class='ocr_line' id='line_1_6' title="bbox 231 1057 1016 1138; baseline -0.001 -19"><span class='ocrx_word' id='word_1_27' title='bbox 231 1057 319 1120; x_wconf 83' lang='lat' dir='ltr'>Tunc</span> <span class='ocrx_word' id='word_1_28' title='bbox 340 1058 423 1120; x_wconf 90' lang='lat' dir='ltr'>idem</span> <span class='ocrx_word' id='word_1_29' title='bbox 443 1075 512 1130; x_wconf 85' lang='lat' dir='ltr'>rex,</span> <span class='ocrx_word' id='word_1_30' title='bbox 534 1057 590 1136; x_wconf 77' lang='lat' dir='ltr'>qui</span> <span class='ocrx_word' id='word_1_31' title='bbox 611 1075 734 1138; x_wconf 78' lang='lat' dir='ltr'>semper</span> <span class='ocrx_word' id='word_1_32' title='bbox 756 1057 835 1121; x_wconf 85' lang='lat' dir='ltr'>tecit</span> <span class='ocrx_word' id='word_1_33' title='bbox 851 1058 1016 1138; x_wconf 80' lang='lat' dir='ltr'>sapienter,</span> 
     </span>
     <span class='ocr_line' id='line_1_7' title="bbox 144 1157 983 1245; baseline -0.001 -22"><span class='ocrx_word' id='word_1_34' title='bbox 144 1157 454 1239; x_wconf 75' lang='lat' dir='ltr'>775.11unoregem</span> <span class='ocrx_word' id='word_1_35' title='bbox 475 1165 561 1220; x_wconf 85' lang='lat' dir='ltr'>certe</span> <span class='ocrx_word' id='word_1_36' title='bbox 583 1159 677 1239; x_wconf 84' lang='lat' dir='ltr'>digno</span> <span class='ocrx_word' id='word_1_37' title='bbox 699 1161 837 1240; x_wconf 77' lang='lat' dir='ltr'><strong>suscepit</strong></span> <span class='ocrx_word' id='word_1_38' title='bbox 856 1162 983 1245; x_wconf 86' lang='lat' dir='ltr'>honore,</span> 
     </span>
     <span class='ocr_line' id='line_1_8' title="bbox 229 1262 883 1344; baseline -0.003 -18"><span class='ocrx_word' id='word_1_39' title='bbox 229 1264 413 1326; x_wconf 83' lang='lat' dir='ltr'>Restitueus</span> <span class='ocrx_word' id='word_1_40' title='bbox 434 1263 480 1324; x_wconf 94' lang='lat' dir='ltr'>illi</span> <span class='ocrx_word' id='word_1_41' title='bbox 501 1262 616 1324; x_wconf 76' lang='lat' dir='ltr'><strong>sublati</strong></span> <span class='ocrx_word' id='word_1_42' title='bbox 638 1263 771 1324; x_wconf 80' lang='lat' dir='ltr'>culmina</span> <span class='ocrx_word' id='word_1_43' title='bbox 791 1263 883 1344; x_wconf 74' lang='lat' dir='ltr'>regni</span> 
     </span>
     <span class='ocr_line' id='line_1_9' title="bbox 230 1367 890 1448; baseline 0 -20"><span class='ocrx_word' id='word_1_44' title='bbox 230 1367 298 1430; x_wconf 82' lang='lat' dir='ltr'>Iste</span> <span class='ocrx_word' id='word_1_45' title='bbox 320 1369 463 1448; x_wconf 80' lang='lat' dir='ltr'>percerte</span> <span class='ocrx_word' id='word_1_46' title='bbox 485 1369 605 1426; x_wconf 80' lang='lat' dir='ltr'>tautum</span> <span class='ocrx_word' id='word_1_47' title='bbox 629 1367 685 1428; x_wconf 87' lang='lat' dir='ltr'>sub</span> <span class='ocrx_word' id='word_1_48' title='bbox 708 1368 890 1442; x_wconf 88' lang='lat' dir='ltr'>conditione,</span> 
     </span>
     <span class='ocr_line' id='line_1_10' title="bbox 230 1468 1013 1552; baseline -0.003 -18"><span class='ocrx_word' id='word_1_49' title='bbox 230 1469 274 1534; x_wconf 87' lang='lat' dir='ltr'>Ut</span> <span class='ocrx_word' id='word_1_50' title='bbox 295 1470 465 1552; x_wconf 82' lang='lat' dir='ltr'>posthaec</span> <span class='ocrx_word' id='word_1_51' title='bbox 486 1468 588 1530; x_wconf 83' lang='lat' dir='ltr'>censis</span> <span class='ocrx_word' id='word_1_52' title='bbox 610 1488 672 1532; x_wconf 88' lang='lat' dir='ltr'>nou</span> <span class='ocrx_word' id='word_1_53' title='bbox 694 1471 920 1532; x_wconf 76' lang='lat' dir='ltr'>contradiceret</span> <span class='ocrx_word' id='word_1_54' title='bbox 941 1470 1013 1532; x_wconf 88' lang='lat' dir='ltr'>ullis</span> 
     </span>
     <span class='ocr_line' id='line_1_11' title="bbox 230 1571 927 1654; baseline 0 -20"><span class='ocrx_word' id='word_1_55' title='bbox 230 1573 334 1654; x_wconf 79' lang='lat' dir='ltr'>Ipsius</span> <span class='ocrx_word' id='word_1_56' title='bbox 353 1571 490 1652; x_wconf 88' lang='lat' dir='ltr'>imperio,</span> <span class='ocrx_word' id='word_1_57' title='bbox 511 1571 616 1634; x_wconf 90' lang='lat' dir='ltr'>multis</span> <span class='ocrx_word' id='word_1_58' title='bbox 638 1571 731 1651; x_wconf 86' lang='lat' dir='ltr'>louge</span> <span class='ocrx_word' id='word_1_59' title='bbox 753 1573 927 1648; x_wconf 86' lang='lat' dir='ltr'>metuendo,</span> 
     </span>
     <span class='ocr_line' id='line_1_12' title="bbox 147 1673 965 1755; baseline -0.002 -18"><span class='ocrx_word' id='word_1_60' title='bbox 147 1673 218 1737; x_wconf 80' lang='lat'><strong>780.</strong></span> <span class='ocrx_word' id='word_1_61' title='bbox 233 1673 296 1736; x_wconf 82' lang='lat' dir='ltr'>Sed</span> <span class='ocrx_word' id='word_1_62' title='bbox 318 1695 376 1736; x_wconf 90' lang='lat' dir='ltr'>ceu</span> <span class='ocrx_word' id='word_1_63' title='bbox 398 1675 557 1755; x_wconf 83' lang='lat' dir='ltr'>subjectus</span> <span class='ocrx_word' id='word_1_64' title='bbox 575 1675 672 1755; x_wconf 88' lang='lat' dir='ltr'>jussis</span> <span class='ocrx_word' id='word_1_65' title='bbox 695 1683 780 1736; x_wconf 88' lang='lat' dir='ltr'>esset</span> <span class='ocrx_word' id='word_1_66' title='bbox 801 1676 965 1736; x_wconf 88' lang='lat' dir='ltr'>studiosus.</span> 
     </span>
     <span class='ocr_line' id='line_1_13' title="bbox 231 1776 1039 1858; baseline 0.001 -20"><span class='ocrx_word' id='word_1_67' title='bbox 231 1777 300 1839; x_wconf 90' lang='lat' dir='ltr'>Hoc</span> <span class='ocrx_word' id='word_1_68' title='bbox 322 1795 443 1858; x_wconf 90' lang='lat' dir='ltr'>quoque</span> <span class='ocrx_word' id='word_1_69' title='bbox 466 1776 604 1838; x_wconf 86' lang='lat' dir='ltr'>sollicitis</span> <span class='ocrx_word' id='word_1_70' title='bbox 627 1777 766 1839; x_wconf 86' lang='lat' dir='ltr'>decrevit</span> <span class='ocrx_word' id='word_1_71' title='bbox 787 1778 920 1840; x_wconf 83' lang='lat' dir='ltr'>maxime</span> <span class='ocrx_word' id='word_1_72' title='bbox 942 1777 1039 1854; x_wconf 88' lang='lat' dir='ltr'>dictis,</span> 
     </span>
     <span class='ocr_line' id='line_1_14' title="bbox 232 1881 1113 1963; baseline 0.001 -20"><span class='ocrx_word' id='word_1_73' title='bbox 232 1881 275 1944; x_wconf 87' lang='lat' dir='ltr'>Ut</span> <span class='ocrx_word' id='word_1_74' title='bbox 296 1884 367 1961; x_wconf 86' lang='lat' dir='ltr'>post</span> <span class='ocrx_word' id='word_1_75' title='bbox 388 1881 466 1942; x_wconf 85' lang='lat' dir='ltr'>haec</span> <span class='ocrx_word' id='word_1_76' title='bbox 487 1881 633 1961; x_wconf 90' lang='lat' dir='ltr'>populum</span> <span class='ocrx_word' id='word_1_77' title='bbox 653 1883 781 1959; x_wconf 85' lang='lat' dir='ltr'>regeret</span> <span class='ocrx_word' id='word_1_78' title='bbox 803 1881 982 1942; x_wconf 87' lang='lat' dir='ltr'>clementius</span> <span class='ocrx_word' id='word_1_79' title='bbox 1004 1882 1113 1963; x_wconf 86' lang='lat' dir='ltr'>ipsum,</span> 
     </span>
     <span class='ocr_line' id='line_1_15' title="bbox 233 1983 1042 2066; baseline 0.001 -21"><span class='ocrx_word' id='word_1_80' title='bbox 233 1984 335 2056; x_wconf 86' lang='lat' dir='ltr'>Quem</span> <span class='ocrx_word' id='word_1_81' title='bbox 357 1983 442 2066; x_wconf 88' lang='lat' dir='ltr'>prius</span> <span class='ocrx_word' id='word_1_82' title='bbox 464 1983 591 2064; x_wconf 92' lang='lat' dir='ltr'>imperio</span> <span class='ocrx_word' id='word_1_83' title='bbox 612 1984 738 2044; x_wconf 91' lang='lat' dir='ltr'>nimium</span> <span class='ocrx_word' id='word_1_84' title='bbox 760 1983 909 2065; x_wconf 88' lang='lat' dir='ltr'>corripuit</span> <span class='ocrx_word' id='word_1_85' title='bbox 930 2003 1042 2046; x_wconf 86' lang='lat' dir='ltr'>amaro.</span> 
     </span>
     <span class='ocr_line' id='line_1_16' title="bbox 232 2085 1135 2169; baseline -0.003 -19"><span class='ocrx_word' id='word_1_86' title='bbox 232 2088 294 2160; x_wconf 86' lang='lat' dir='ltr'>Qui</span> <span class='ocrx_word' id='word_1_87' title='bbox 315 2107 350 2148; x_wconf 91' lang='lat' dir='ltr'>se</span> <span class='ocrx_word' id='word_1_88' title='bbox 372 2086 560 2167; x_wconf 77' lang='lat' dir='ltr'>complendis</span> <span class='ocrx_word' id='word_1_89' title='bbox 582 2085 729 2148; x_wconf 85' lang='lat' dir='ltr'>simulans</span> <span class='ocrx_word' id='word_1_90' title='bbox 750 2091 924 2169; x_wconf 90' lang='lat' dir='ltr'>promptum</span> <span class='ocrx_word' id='word_1_91' title='bbox 945 2088 1012 2149; x_wconf 84' lang='lat' dir='ltr'>tore</span> <span class='ocrx_word' id='word_1_92' title='bbox 1031 2085 1135 2169; x_wconf 85' lang='lat' dir='ltr'>jussis,</span> 
     </span>
    </p>

    <p class='ocr_par' dir='ltr' id='par_1_4' title="bbox 143 2187 982 2272">
     <span class='ocr_line' id='line_1_17' title="bbox 143 2187 982 2272; baseline -0.002 -18"><span class='ocrx_word' id='word_1_93' title='bbox 143 2188 214 2254; x_wconf 79' lang='lat'><strong>785.</strong></span> <span class='ocrx_word' id='word_1_94' title='bbox 231 2189 325 2253; x_wconf 92' lang='lat' dir='ltr'>Ocius</span> <span class='ocrx_word' id='word_1_95' title='bbox 348 2187 506 2265; x_wconf 80' lang='lat' dir='ltr'>abscessit,</span> <span class='ocrx_word' id='word_1_96' title='bbox 529 2187 660 2269; x_wconf 83' lang='lat' dir='ltr'>patriam</span> <span class='ocrx_word' id='word_1_97' title='bbox 680 2191 843 2272; x_wconf 84' lang='lat' dir='ltr'>laetusque</span> <span class='ocrx_word' id='word_1_98' title='bbox 864 2191 982 2272; x_wconf 85' lang='lat' dir='ltr'>petivit.</span> 
     </span>
    </p>

    <p class='ocr_par' dir='ltr' id='par_1_5' title="bbox 225 2291 1036 2683">
     <span class='ocr_line' id='line_1_18' title="bbox 227 2291 992 2374; baseline -0.004 -18"><span class='ocrx_word' id='word_1_99' title='bbox 227 2295 287 2356; x_wconf 81' lang='lat' dir='ltr'>Ast</span> <span class='ocrx_word' id='word_1_100' title='bbox 307 2293 360 2354; x_wconf 92' lang='lat' dir='ltr'>ubi</span> <span class='ocrx_word' id='word_1_101' title='bbox 382 2291 542 2353; x_wconf 89' lang='lat' dir='ltr'>sublimem</span> <span class='ocrx_word' id='word_1_102' title='bbox 564 2292 656 2371; x_wconf 87' lang='lat' dir='ltr'>regni</span> <span class='ocrx_word' id='word_1_103' title='bbox 675 2294 859 2374; x_wconf 84' lang='lat' dir='ltr'>possederat</span> <span class='ocrx_word' id='word_1_104' title='bbox 880 2313 992 2370; x_wconf 84' lang='lat' dir='ltr'>arcem,</span> 
     </span>
     <span class='ocr_line' id='line_1_19' title="bbox 225 2393 1036 2476; baseline -0.001 -19"><span class='ocrx_word' id='word_1_105' title='bbox 225 2395 345 2458; x_wconf 82' lang='lat' dir='ltr'>Laesus</span> <span class='ocrx_word' id='word_1_106' title='bbox 366 2393 502 2456; x_wconf 86' lang='lat' dir='ltr'>suadelis</span> <span class='ocrx_word' id='word_1_107' title='bbox 523 2395 716 2476; x_wconf 83' lang='lat' dir='ltr'>quorundam</span> <span class='ocrx_word' id='word_1_108' title='bbox 736 2415 867 2476; x_wconf 83' lang='lat' dir='ltr'>numque</span> <span class='ocrx_word' id='word_1_109' title='bbox 890 2395 1036 2471; x_wconf 87' lang='lat' dir='ltr'>sinistris,</span> 
     </span>
     <span class='ocr_line' id='line_1_20' title="bbox 226 2497 958 2580; baseline 0 -20"><span class='ocrx_word' id='word_1_110' title='bbox 226 2498 303 2560; x_wconf 82' lang='lat' dir='ltr'>Mox</span> <span class='ocrx_word' id='word_1_111' title='bbox 325 2497 441 2559; x_wconf 79' lang='lat' dir='ltr'>infelici</span> <span class='ocrx_word' id='word_1_112' title='bbox 463 2498 608 2578; x_wconf 82' lang='lat' dir='ltr'>graviore</span> <span class='ocrx_word' id='word_1_113' title='bbox 631 2499 752 2579; x_wconf 90' lang='lat' dir='ltr'>quidem</span> <span class='ocrx_word' id='word_1_114' title='bbox 771 2501 849 2580; x_wconf 82' lang='lat' dir='ltr'>juga</span> <span class='ocrx_word' id='word_1_115' title='bbox 871 2498 958 2577; x_wconf 81' lang='lat' dir='ltr'>genti</span> 
     </span>
     <span class='ocr_line' id='line_1_21' title="bbox 227 2601 970 2683; baseline -0.001 -20"><span class='ocrx_word' id='word_1_116' title='bbox 227 2602 336 2676; x_wconf 80' lang='lat' dir='ltr'>Infert,</span> <span class='ocrx_word' id='word_1_117' title='bbox 359 2601 391 2662; x_wconf 82' lang='lat' dir='ltr'>vi</span> <span class='ocrx_word' id='word_1_118' title='bbox 412 2619 525 2681; x_wconf 84' lang='lat' dir='ltr'>magna</span> <span class='ocrx_word' id='word_1_119' title='bbox 546 2621 603 2682; x_wconf 89' lang='lat' dir='ltr'>pro</span> <span class='ocrx_word' id='word_1_120' title='bbox 627 2603 778 2683; x_wconf 91' lang='lat' dir='ltr'>despectu</span> <span class='ocrx_word' id='word_1_121' title='bbox 800 2603 857 2664; x_wconf 76' lang='lat' dir='ltr'>sliri</span> <span class='ocrx_word' id='word_1_122' title='bbox 878 2603 970 2677; x_wconf 82' lang='lat' dir='ltr'>secte,</span> 
     </span>
    </p>

    <p class='ocr_par' dir='ltr' id='par_1_6' title="bbox 141 2701 1013 2786">
     <span class='ocr_line' id='line_1_22' title="bbox 141 2701 1013 2786; baseline -0.002 -18"><span class='ocrx_word' id='word_1_123' title='bbox 141 2701 210 2768; x_wconf 82' lang='lat'><strong>790.</strong></span> <span class='ocrx_word' id='word_1_124' title='bbox 230 2704 270 2767; x_wconf 85' lang='lat' dir='ltr'>Se</span> <span class='ocrx_word' id='word_1_125' title='bbox 292 2723 423 2784; x_wconf 83' lang='lat' dir='ltr'>regnum</span> <span class='ocrx_word' id='word_1_126' title='bbox 445 2703 546 2786; x_wconf 82' lang='lat' dir='ltr'>pretio</span> <span class='ocrx_word' id='word_1_127' title='bbox 568 2707 745 2766; x_wconf 83' lang='lat' dir='ltr'>contestans</span> <span class='ocrx_word' id='word_1_128' title='bbox 768 2725 871 2766; x_wconf 88' lang='lat' dir='ltr'>emere</span> <span class='ocrx_word' id='word_1_129' title='bbox 892 2723 1013 2784; x_wconf 83' lang='lat' dir='ltr'>magno,</span> 
     </span>
    </p>

    <p class='ocr_par' dir='ltr' id='par_1_7' title="bbox 224 2807 1104 2889">
     <span class='ocr_line' id='line_1_23' title="bbox 224 2807 1104 2889; baseline -0.005 -19"><span class='ocrx_word' id='word_1_130' title='bbox 224 2808 291 2870; x_wconf 85' lang='lat' dir='ltr'>Nec</span> <span class='ocrx_word' id='word_1_131' title='bbox 314 2807 381 2869; x_wconf 83' lang='lat' dir='ltr'>iore</span> <span class='ocrx_word' id='word_1_132' title='bbox 404 2807 598 2888; x_wconf 86' lang='lat' dir='ltr'>culpandum,</span> <span class='ocrx_word' id='word_1_133' title='bbox 622 2807 649 2868; x_wconf 92' lang='lat' dir='ltr'>si</span> <span class='ocrx_word' id='word_1_134' title='bbox 667 2809 719 2889; x_wconf 88' lang='lat' dir='ltr'>jus</span> <span class='ocrx_word' id='word_1_135' title='bbox 742 2809 890 2889; x_wconf 79' lang='lat' dir='ltr'>fregisset</span> <span class='ocrx_word' id='word_1_136' title='bbox 911 2827 1047 2884; x_wconf 84' lang='lat' dir='ltr'>avorum,</span> <span class='ocrx_word' id='word_1_137' title='bbox 1101 2857 1104 2866; x_wconf 82' lang='grc'><strong><em>.</em></strong></span> 
     </span>
    </p>
   </div>
   <div class='ocr_carea' id='block_1_3' title="bbox 137 2909 1069 3506">
    <p class='ocr_par' dir='ltr' id='par_1_8' title="bbox 226 2909 1017 2993">
     <span class='ocr_line' id='line_1_24' title="bbox 226 2909 1017 2993; baseline -0.004 -21"><span class='ocrx_word' id='word_1_138' title='bbox 226 2910 287 2972; x_wconf 80' lang='lat' dir='ltr'>Sed</span> <span class='ocrx_word' id='word_1_139' title='bbox 309 2909 409 2990; x_wconf 80' lang='lat' dir='ltr'>magis</span> <span class='ocrx_word' id='word_1_140' title='bbox 432 2909 553 2972; x_wconf 91' lang='lat' dir='ltr'>Oddoni</span> <span class='ocrx_word' id='word_1_141' title='bbox 575 2911 684 2992; x_wconf 82' lang='lat' dir='ltr'>culpae</span> <span class='ocrx_word' id='word_1_142' title='bbox 706 2911 849 2972; x_wconf 90' lang='lat' dir='ltr'>meritum</span> <span class='ocrx_word' id='word_1_143' title='bbox 870 2911 1017 2993; x_wconf 83' lang='lat' dir='ltr'>reputari,</span> 
     </span>
    </p>

    <p class='ocr_par' dir='ltr' id='par_1_9' title="bbox 222 3013 961 3095">
     <span class='ocr_line' id='line_1_25' title="bbox 222 3013 961 3095; baseline 0.003 -21"><span class='ocrx_word' id='word_1_144' title='bbox 222 3014 288 3095; x_wconf 91' lang='lat' dir='ltr'>Ipsi</span> <span class='ocrx_word' id='word_1_145' title='bbox 310 3013 458 3095; x_wconf 86' lang='lat' dir='ltr'>primates</span> <span class='ocrx_word' id='word_1_146' title='bbox 480 3013 581 3095; x_wconf 89' lang='lat' dir='ltr'>plebis</span> <span class='ocrx_word' id='word_1_147' title='bbox 604 3013 655 3093; x_wconf 91' lang='lat' dir='ltr'>qui</span> <span class='ocrx_word' id='word_1_148' title='bbox 676 3015 829 3076; x_wconf 86' lang='lat' dir='ltr'>venderet</span> <span class='ocrx_word' id='word_1_149' title='bbox 848 3034 961 3076; x_wconf 77' lang='lat' dir='ltr'>omnes.</span> 
     </span>
    </p>

    <p class='ocr_par' dir='ltr' id='par_1_10' title="bbox 137 3115 1055 3300">
     <span class='ocr_line' id='line_1_26' title="bbox 226 3115 1055 3200; baseline 0.002 -22"><span class='ocrx_word' id='word_1_150' title='bbox 226 3115 314 3178; x_wconf 84' lang='lat' dir='ltr'>Haec</span> <span class='ocrx_word' id='word_1_151' title='bbox 336 3136 388 3178; x_wconf 87' lang='lat' dir='ltr'>res</span> <span class='ocrx_word' id='word_1_152' title='bbox 410 3117 449 3176; x_wconf 84' lang='lat' dir='ltr'>sd</span> <span class='ocrx_word' id='word_1_153' title='bbox 470 3136 578 3196; x_wconf 84' lang='lat' dir='ltr'>regem</span> <span class='ocrx_word' id='word_1_154' title='bbox 599 3137 673 3179; x_wconf 84' lang='lat' dir='ltr'>mox</span> <span class='ocrx_word' id='word_1_155' title='bbox 693 3120 729 3180; x_wconf 91' lang='lat' dir='ltr'>ut</span> <span class='ocrx_word' id='word_1_156' title='bbox 749 3118 893 3200; x_wconf 78' lang='lat' dir='ltr'>pervenit</span> <span class='ocrx_word' id='word_1_157' title='bbox 914 3117 1055 3194; x_wconf 88' lang='lat' dir='ltr'>eundem,</span> 
     </span>
     <span class='ocr_line' id='line_1_27' title="bbox 137 3215 902 3300; baseline 0 -18"><span class='ocrx_word' id='word_1_158' title='bbox 137 3215 210 3282; x_wconf 84' lang='lat'><strong>795.</strong></span> <span class='ocrx_word' id='word_1_159' title='bbox 223 3219 262 3280; x_wconf 89' lang='lat' dir='ltr'>ln</span> <span class='ocrx_word' id='word_1_160' title='bbox 283 3219 501 3298; x_wconf 80' lang='lat' dir='ltr'>Beringarium</span> <span class='ocrx_word' id='word_1_161' title='bbox 519 3221 605 3300; x_wconf 85' lang='lat' dir='ltr'>justa</span> <span class='ocrx_word' id='word_1_162' title='bbox 628 3221 825 3282; x_wconf 87' lang='lat' dir='ltr'>succenditur</span> <span class='ocrx_word' id='word_1_163' title='bbox 846 3221 902 3298; x_wconf 84' lang='lat' dir='ltr'>ire,</span> 
     </span>
    </p>

    <p class='ocr_par' dir='ltr' id='par_1_11' title="bbox 224 3321 1069 3404">
     <span class='ocr_line' id='line_1_28' title="bbox 224 3321 1069 3404; baseline -0.001 -19"><span class='ocrx_word' id='word_1_164' title='bbox 224 3321 324 3385; x_wconf 82' lang='lat' dir='ltr'>Corde</span> <span class='ocrx_word' id='word_1_165' title='bbox 347 3341 441 3404; x_wconf 86' lang='lat' dir='ltr'>super</span> <span class='ocrx_word' id='word_1_166' title='bbox 462 3321 567 3404; x_wconf 90' lang='lat' dir='ltr'>populi</span> <span class='ocrx_word' id='word_1_167' title='bbox 590 3321 708 3384; x_wconf 87' lang='lat' dir='ltr'>damnis</span> <span class='ocrx_word' id='word_1_168' title='bbox 729 3343 872 3385; x_wconf 87' lang='lat' dir='ltr'>moerens</span> <span class='ocrx_word' id='word_1_169' title='bbox 889 3323 1069 3400; x_wconf 85' lang='lat' dir='ltr'>miserandi,</span> 
     </span>
    </p>

    <p class='ocr_par' dir='ltr' id='par_1_12' title="bbox 222 3425 1068 3506">
     <span class='ocr_line' id='line_1_29' title="bbox 222 3425 1068 3506; baseline 0.002 -20"><span class='ocrx_word' id='word_1_170' title='bbox 222 3425 260 3486; x_wconf 89' lang='lat' dir='ltr'>Iu</span> <span class='ocrx_word' id='word_1_171' title='bbox 281 3425 453 3506; x_wconf 87' lang='lat' dir='ltr'>meliusque</span> <span class='ocrx_word' id='word_1_172' title='bbox 475 3427 589 3488; x_wconf 80' lang='lat' dir='ltr'>statum</span> <span class='ocrx_word' id='word_1_173' title='bbox 611 3427 728 3488; x_wconf 89' lang='lat' dir='ltr'>studuit</span> <span class='ocrx_word' id='word_1_174' title='bbox 750 3429 933 3490; x_wconf 84' lang='lat' dir='ltr'>convertere</span> <span class='ocrx_word' id='word_1_175' title='bbox 955 3443 1068 3488; x_wconf 88' lang='lat' dir='ltr'>rerum.</span> 
     </span>
    </p>
   </div>
   <div class='ocr_carea' id='block_1_4' title="bbox 161 3697 1165 4094">
    <p class='ocr_par' dir='ltr' id='par_1_13' title="bbox 161 3697 1165 4094">
     <span class='ocr_line' id='line_1_30' title="bbox 161 3697 1165 3752; baseline -0.001 -13"><span class='ocrx_word' id='word_1_176' title='bbox 161 3697 210 3740; x_wconf 76' lang='grc'><strong><em>777.</em></strong></span> <span class='ocrx_word' id='word_1_177' title='bbox 227 3700 293 3749; x_wconf 81' lang='lat' dir='ltr'>epte</span> <span class='ocrx_word' id='word_1_178' title='bbox 307 3699 449 3749; x_wconf 72' lang='lat' dir='ltr'>stellante,</span> <span class='ocrx_word' id='word_1_179' title='bbox 464 3697 490 3742; x_wconf 85' lang='lat' dir='ltr'>P.</span> <span class='ocrx_word' id='word_1_180' title='bbox 518 3697 563 3741; x_wconf 85' lang='grc'><strong><em>779.</em></strong></span> <span class='ocrx_word' id='word_1_181' title='bbox 577 3697 745 3752; x_wconf 73' lang='lat' dir='ltr'>metuendo,</span> <span class='ocrx_word' id='word_1_182' title='bbox 761 3697 791 3740; x_wconf 96' lang='grc' dir='ltr'>Μ.</span> <span class='ocrx_word' id='word_1_183' title='bbox 802 3709 824 3739; x_wconf 84' lang='lat' dir='ltr'>u.</span> <span class='ocrx_word' id='word_1_184' title='bbox 838 3709 912 3751; x_wconf 79' lang='lat' dir='ltr'>urspr.</span> <span class='ocrx_word' id='word_1_185' title='bbox 923 3697 980 3740; x_wconf 73' lang='lat' dir='ltr'>such</span> <span class='ocrx_word' id='word_1_186' title='bbox 994 3698 1031 3750; x_wconf 85' lang='lat'>1’.;</span> <span class='ocrx_word' id='word_1_187' title='bbox 1046 3700 1165 3740; x_wconf 79' lang='lat' dir='ltr'>metuen-</span> 
     </span>
     <span class='ocr_line' id='line_1_31' title="bbox 218 3763 1163 3821; baseline 0.003 -16"><span class='ocrx_word' id='word_1_188' title='bbox 218 3766 275 3818; x_wconf 80' lang='lat' dir='ltr'>dis,</span> <span class='ocrx_word' id='word_1_189' title='bbox 299 3765 331 3817; x_wconf 85' lang='lat' dir='ltr'>C.‚</span> <span class='ocrx_word' id='word_1_190' title='bbox 352 3765 413 3806; x_wconf 69' lang='lat' dir='ltr'>ltu.</span> <span class='ocrx_word' id='word_1_191' title='bbox 431 3763 615 3820; x_wconf 52' lang='lat' dir='ltr'>svegneid.</span> <span class='ocrx_word' id='word_1_192' title='bbox 643 3767 689 3809; x_wconf 74' lang='lat'><strong>78⁰.</strong></span> <span class='ocrx_word' id='word_1_193' title='bbox 705 3768 858 3821; x_wconf 79' lang='lat' dir='ltr'>studiosis,</span> <span class='ocrx_word' id='word_1_194' title='bbox 878 3767 909 3810; x_wconf 87' lang='lat' dir='ltr'>M.</span> <span class='ocrx_word' id='word_1_195' title='bbox 927 3769 990 3809; x_wconf 85' lang='lat' dir='ltr'>u.P.</span> <span class='ocrx_word' id='word_1_196' title='bbox 1016 3767 1163 3812; x_wconf 50' lang='grc'>78340171-</span> 
     </span>
     <span class='ocr_line' id='line_1_32' title="bbox 217 3833 1163 3888; baseline 0.003 -14"><span class='ocrx_word' id='word_1_197' title='bbox 217 3833 340 3887; x_wconf 73' lang='lat' dir='ltr'>puit‚M.</span> <span class='ocrx_word' id='word_1_198' title='bbox 355 3845 377 3875; x_wconf 87' lang='lat' dir='ltr'>n.</span> <span class='ocrx_word' id='word_1_199' title='bbox 391 3833 416 3874; x_wconf 85' lang='grc' dir='ltr'>Ρ.</span> <span class='ocrx_word' id='word_1_200' title='bbox 432 3846 522 3887; x_wconf 67' lang='grc' dir='ltr'>πηρις</span> <span class='ocrx_word' id='word_1_201' title='bbox 543 3836 565 3875; x_wconf 90' lang='lat' dir='ltr'>ln</span> <span class='ocrx_word' id='word_1_202' title='bbox 579 3835 610 3876; x_wconf 94' lang='lat' dir='ltr'>M.</span> <span class='ocrx_word' id='word_1_203' title='bbox 623 3835 715 3877; x_wconf 70' lang='lat' dir='ltr'>tuderto</span> <span class='ocrx_word' id='word_1_204' title='bbox 730 3836 804 3878; x_wconf 80' lang='lat' dir='ltr'>Celtes</span> <span class='ocrx_word' id='word_1_205' title='bbox 827 3839 849 3877; x_wconf 89' lang='lat' dir='ltr'>tu</span> <span class='ocrx_word' id='word_1_206' title='bbox 870 3837 1024 3888; x_wconf 68' lang='lat' dir='ltr'>contrivit,</span> <span class='ocrx_word' id='word_1_207' title='bbox 1046 3835 1085 3876; x_wconf 79' lang='lat' dir='ltr'>dns</span> <span class='ocrx_word' id='word_1_208' title='bbox 1106 3835 1163 3878; x_wconf 75' lang='lat' dir='ltr'>such</span> 
     </span>
     <span class='ocr_line' id='line_1_33' title="bbox 215 3903 1162 3961; baseline 0.002 -17"><span class='ocrx_word' id='word_1_209' title='bbox 215 3903 278 3944; x_wconf 78' lang='lat' dir='ltr'>selue</span> <span class='ocrx_word' id='word_1_210' title='bbox 293 3903 405 3956; x_wconf 68' lang='lat' dir='ltr'>sung-ne,</span> <span class='ocrx_word' id='word_1_211' title='bbox 418 3903 477 3944; x_wconf 77' lang='lat' dir='ltr'>dusu</span> <span class='ocrx_word' id='word_1_212' title='bbox 490 3904 546 3948; x_wconf 76' lang='lat' dir='ltr'>nn.</span> <span class='ocrx_word' id='word_1_213' title='bbox 555 3903 578 3947; x_wconf 89' lang='lat' dir='ltr'>S.</span> <span class='ocrx_word' id='word_1_214' title='bbox 595 3903 684 3961; x_wconf 77' lang='lat' dir='ltr'>hubsn3</span> <span class='ocrx_word' id='word_1_215' title='bbox 703 3906 725 3946; x_wconf 87' lang='lat' dir='ltr'>ln</span> <span class='ocrx_word' id='word_1_216' title='bbox 739 3905 763 3947; x_wconf 85' lang='lat' dir='ltr'>P.</span> <span class='ocrx_word' id='word_1_217' title='bbox 779 3905 839 3946; x_wconf 75' lang='lat' dir='ltr'>stelit</span> <span class='ocrx_word' id='word_1_218' title='bbox 853 3906 970 3946; x_wconf 71' lang='lat' dir='ltr'>libertem</span> <span class='ocrx_word' id='word_1_219' title='bbox 986 3903 1162 3958; x_wconf 72' lang='lat' dir='ltr'>duretgcstrtet.</span> 
     </span>
     <span class='ocr_line' id='line_1_34' title="bbox 216 3971 1162 4028; baseline 0.002 -17"><span class='ocrx_word' id='word_1_220' title='bbox 216 3972 324 4024; x_wconf 81' lang='lat' dir='ltr'>corripuit</span> <span class='ocrx_word' id='word_1_221' title='bbox 345 3972 515 4014; x_wconf 76' lang='lat' dir='ltr'>dtecmreetur</span> <span class='ocrx_word' id='word_1_222' title='bbox 532 3971 657 4015; x_wconf 78' lang='lat' dir='ltr'>ec&#39;rexit.</span> <span class='ocrx_word' id='word_1_223' title='bbox 686 3975 731 4018; x_wconf 78' lang='lat' dir='ltr'>tes.</span> <span class='ocrx_word' id='word_1_224' title='bbox 748 3972 1002 4028; x_wconf 77' lang='lat' dir='ltr'>isctc‚c.‚R.u.S.</span> <span class='ocrx_word' id='word_1_225' title='bbox 1030 3975 1075 4016; x_wconf 76' lang='grc'>791.</span> <span class='ocrx_word' id='word_1_226' title='bbox 1089 3983 1162 4026; x_wconf 72' lang='lat' dir='ltr'>spen</span> 
     </span>
     <span class='ocr_line' id='line_1_35' title="bbox 216 4039 1162 4094; baseline 0.003 -14"><span class='ocrx_word' id='word_1_227' title='bbox 216 4041 322 4092; x_wconf 59' lang='lat' dir='ltr'>uisset,</span> <span class='ocrx_word' id='word_1_228' title='bbox 342 4041 367 4084; x_wconf 86' lang='lat' dir='ltr'>P.</span> <span class='ocrx_word' id='word_1_229' title='bbox 402 4039 447 4083; x_wconf 75' lang='lat' dir='ltr'>tet.</span> <span class='ocrx_word' id='word_1_230' title='bbox 463 4041 631 4094; x_wconf 80' lang='lat' dir='ltr'>demit,lt.</span> <span class='ocrx_word' id='word_1_231' title='bbox 666 4043 712 4086; x_wconf 76' lang='lat' dir='ltr'>tet.</span> <span class='ocrx_word' id='word_1_232' title='bbox 728 4045 834 4084; x_wconf 67' lang='lat' dir='ltr'>statuit</span> <span class='ocrx_word' id='word_1_233' title='bbox 854 4043 980 4093; x_wconf 73' lang='lat' dir='ltr'>studuit,</span> <span class='ocrx_word' id='word_1_234' title='bbox 1002 4041 1032 4082; x_wconf 90' lang='grc' dir='ltr'>Μ.</span> <span class='ocrx_word' id='word_1_235' title='bbox 1050 4051 1162 4094; x_wconf 76' lang='grc' dir='ltr'>ιι.ιιηρι·.</span> 
     </span>
    </p>
   </div>
   <div class='ocr_carea' id='block_1_5' title="bbox 215 4108 1160 4232">
    <p class='ocr_par' dir='ltr' id='par_1_14' title="bbox 215 4108 1160 4232">
     <span class='ocr_line' id='line_1_36' title="bbox 215 4108 1160 4219; baseline 0.002 -69"><span class='ocrx_word' id='word_1_236' title='bbox 215 4110 282 4219; x_wconf 49' lang='lat' dir='ltr'>{wis</span> <span class='ocrx_word' id='word_1_237' title='bbox 279 4109 312 4160; x_wconf 69' lang='lat'>1³.</span> <span class='ocrx_word' id='word_1_238' title='bbox 325 4117 360 4218; x_wconf 61' lang='lat' dir='ltr'>ug</span> <span class='ocrx_word' id='word_1_239' title='bbox 371 4108 542 4160; x_wconf 64' lang='lat' dir='ltr'>nemausiensi</span> <span class='ocrx_word' id='word_1_240' title='bbox 553 4110 575 4152; x_wconf 86' lang='lat' dir='ltr'>tu</span> <span class='ocrx_word' id='word_1_241' title='bbox 590 4113 695 4152; x_wconf 78' lang='lat' dir='ltr'>statum</span> <span class='ocrx_word' id='word_1_242' title='bbox 708 4113 812 4166; x_wconf 67' lang='lat' dir='ltr'>eurrlglrt</span> <span class='ocrx_word' id='word_1_243' title='bbox 824 4111 914 4168; x_wconf 74' lang='lat' dir='ltr'>wurds3</span> <span class='ocrx_word' id='word_1_244' title='bbox 929 4113 1035 4153; x_wconf 69' lang='lat' dir='ltr'>statum</span> <span class='ocrx_word' id='word_1_245' title='bbox 1047 4112 1160 4166; x_wconf 74' lang='lat' dir='ltr'>stetult,</span> 
     </span>
     <span class='ocr_line' id='line_1_37' title="bbox 234 4189 367 4232; baseline 0.008 -15"><span class='ocrx_word' id='word_1_246' title='bbox 234 4205 248 4232; x_wconf 84' lang='lat'>.,</span> <span class='ocrx_word' id='word_1_247' title='bbox 283 4207 289 4222; x_wconf 94' lang='lat'><strong>.</strong></span> <span class='ocrx_word' id='word_1_248' title='bbox 304 4189 326 4222; x_wconf 90' lang='lat' dir='ltr'>u.</span> <span class='ocrx_word' id='word_1_249' title='bbox 360 4203 367 4218; x_wconf 89' lang='lat'><strong>.</strong></span> 
     </span>
    </p>
   </div>
   <div class='ocr_carea' id='block_1_6' title="bbox 0 0 1544 4892">
    <p class='ocr_par' dir='ltr' id='par_1_15' title="bbox 0 0 1544 4892">
     <span class='ocr_line' id='line_1_38' title="bbox 0 0 1544 4892; baseline 0 0"><span class='ocrx_word' id='word_1_250' title='bbox 0 0 1544 4892; x_wconf 95' lang='lat' dir='ltr'> </span> 
     </span>
    </p>
   </div>
  </div>
 </body>
</html>
