3144 4888
9 509 20 850 l

562 475 801 544 -101-

248 649 521 734 „Christicolisque
544 652 649 716 datum
669 651 784 716 Christi
803 652 956 735 baptisma
977 653 1150 732 sacratum!

253 755 400 832 „Scilicet
421 757 453 817 et
472 773 593 824 mecum
610 758 643 817 te
662 757 755 832 velle,
780 757 889 832 fatere,
910 776 967 838 per
986 773 1100 819 aevum

254 858 385 934 „Poenis
406 857 519 918 inferni
538 859 749 938 permansuris
770 859 908 933 cruciari.

186 959 237 1024 95.
252 961 414 1040 „Hinoque
429 961 489 1022 tuis
505 961 643 1022 manibus
658 962 803 1044 scriptam
817 961 890 1022 mibi
900 963 1027 1042 porrigo
1046 961 1193 1036 chartam,

252 1063 443 1140 „Ostendam
464 1063 563 1138 citius,
585 1067 734 1154 qnantum
753 1065 851 1146 possit
870 1083 939 1125 mea
958 1064 1088 1126 virtus.“

294 1167 353 1229 His
374 1187 456 1243 mox,
476 1166 589 1227 infelix
610 1185 730 1241 servus,
752 1167 873 1228 monitis
893 1167 975 1228 malo
996 1169 1114 1249 captus,

186 1309 189 1314 -
254 1269 416 1332 Scribebat
435 1269 593 1350 proprium
611 1268 726 1330 ridenti
746 1272 872 1350 pectore
895 1271 1063 1352 dampnum

188 1384 192 1402 ¹
250 1373 461 1452 Interitusqne
484 1371 533 1432 sui
553 1389 678 1433 oausam
698 1374 782 1434 retro
797 1373 882 1434 dedit
902 1373 992 1448 hosti,

173 1474 243 1539 100.
261 1475 322 1545 Qui
342 1495 423 1550 mox,
446 1474 639 1556 dampnando
659 1475 785 1536 nimium
805 1475 946 1554 gaudens
968 1493 1062 1557 super
1081 1475 1143 1552 illo,

252 1578 349 1640 Laeto
370 1579 523 1639 tartareos
545 1577 645 1639 emisit
665 1578 757 1638 corde
778 1578 943 1654 ministros,
1051 1650 1053 1657 Ι

252 1680 391 1759 Virginis
410 1682 446 1742 ut
464 1681 597 1741 miserae
618 1682 753 1742 mentem
774 1681 916 1742 facerent
935 1681 966 1741 in
987 1698 1091 1743 amore

221 1852 230 1865 ·
252 1783 378 1844 Incesto
399 1783 516 1862 proprii
536 1783 626 1845 citius
647 1783 827 1844 fervescere
849 1783 941 1844 servi.
981 1845 986 1853 ,
1086 1828 1089 1834 .

302 1885 344 1947 Et
364 1905 452 1947 mens
474 1886 629 1946 blanditiis
651 1886 771 1965 fragilis
792 1885 935 1968 pulsatur
955 1885 1076 1962 amoris,

170 1985 239 2054 105.
254 1989 419 2050 Exclamat
439 1987 540 2049 subito
558 2007 673 2068 magna
695 1989 734 2048 dc
755 1988 853 2070 stirpe
874 1991 988 2064 creata,

257 2091 386 2173 Optans,
408 2091 562 2172 praestari
583 2092 704 2152 sibimet
724 2091 878 2153 consortia
899 2091 998 2167 servi,

252 2195 356 2274 Atque
377 2195 458 2275 patri
479 2195 603 2276 proprio
628 2195 767 2276 profudit
789 2195 864 2255 talia
883 2197 998 2256 verba:

255 2298 343 2372 „Jam
362 2285 511 2358 miserere
531 2301 613 2373 tuae,
635 2297 757 2377 genitor
779 2297 962 2373 dulcissime,
983 2298 1085 2373 natas,

257 2401 317 2476 „Et
338 2401 427 2462 citius
448 2421 547 2462 meme
566 2401 684 2483 juveni,
705 2420 796 2480 quem
819 2400 924 2479 diligo,
944 2400 1043 2474 trado,

173 2501 244 2568 110.
260 2503 327 2581 „Ne
347 2504 461 2565 moriar
483 2505 588 2579 tristis,
608 2505 762 2583 languens
781 2522 839 2584 per
859 2502 961 2563 taedia
982 2501 1111 2563 cordis.“

294 2607 362 2682 His,
384 2610 482 2688 pater,
503 2607 625 2680 auditis,
645 2606 781 2668 lacrimis
802 2605 924 2668 dicebat
943 2605 1073 2668 amaris:

254 2709 354 2784 „Hem
374 2711 443 2787 beu,
465 2711 540 2790 quid
560 2710 676 2792 pateris
696 2708 795 2771 veluti
817 2729 889 2790 spes
912 2709 1003 2770 unica
1023 2708 1142 2790 patris?

255 2813 339 2887 „Dic,
362 2833 448 2892 rogo,
470 2813 537 2894 quis
559 2813 664 2874 verbis
686 2815 718 2874 te
741 2813 863 2894 decepit
882 2813 962 2874 male
982 2812 1113 2890 blandis,

253 2914 335 2990 „Vel
356 2916 424 2994 quis
445 2915 602 2978 blanditiis
623 2915 826 2978 circumvenit
845 2915 1019 2977 simulatis?

169 3014 239 3080 115.
255 3017 394 3095 „Nonne
414 3017 469 3079 tibi
488 3017 622 3099 patriam
640 3019 730 3079 reddi
751 3019 902 3099 cupiendo
924 3037 1098 3100 supernam,

255 3119 394 3202 „Sponso
416 3121 551 3196 coelesti,
573 3118 705 3196 Christo,
727 3123 759 3182 te
780 3121 915 3202 deniqne
936 3123 1017 3198 vovi,

164 3285 167 3289 ,
254 3223 366 3299 „Hunc
387 3225 472 3284 casta
492 3225 590 3284 solum
611 3225 730 3286 coleres
753 3245 812 3306 quo
834 3227 938 3286 mente
958 3245 1016 3308 per
1036 3243 1158 3310 aestum,

253 3325 360 3403 „Illius
381 3330 413 3389 et
433 3328 542 3389 laudes
564 3348 633 3389 cum
653 3328 806 3390 coelicolis
827 3347 1000 3404 resonares,

255 3430 390 3507 „Addita
411 3431 561 3510 virgineis
582 3431 688 3493 mortis
709 3432 779 3512 post
800 3430 925 3492 vincula
945 3433 1078 3494 turmis?

172 3529 241 3595 120.
256 3533 316 3608 „Et
335 3536 369 3595 tu
388 3535 497 3596 lascivi
518 3535 668 3596 fervescis
690 3553 793 3596 amore
815 3532 947 3594 famelli!

253 3635 316 3711 „At
336 3657 419 3700 nunc
437 3639 597 3714 submissa,
621 3639 742 3700 soboles
762 3655 839 3712 mea,
859 3655 937 3697 voce
958 3637 1084 3714 rogabo,

254 3739 383 3815 „Finem
404 3741 551 3804 stultitiae
571 3760 687 3826 pergas
708 3743 743 3802 ut
764 3740 897 3802 reddere
918 3742 1032 3816 tantae,

254 3841 322 3916 „Nc
343 3863 443 3922 genus
465 3863 553 3905 omne
573 3846 659 3906 tuum
686 3845 766 3906 male
788 3843 958 3904 confundar
979 3863 1176 3924 generosum.

255 3941 309 4019 „si
327 3947 431 4007 tamen
451 3947 572 4029 incepto
592 3950 725 4030 temptas
746 3949 859 4009 durare
879 3948 1024 4028 maligno,

252 4202 295 4244 na
313 4203 424 4255 patens,
441 4200 472 4243 m.
491 4201 534 4246 12⁰.
550 4199 678 4255 lascivo,
693 4201 717 4244 c.
731 4213 754 4246 a.
767 4201 792 4244 S.
