<?xml version="1.0" encoding="UTF-8"?>
<!DOCTYPE html PUBLIC "-//W3C//DTD XHTML 1.0 Transitional//EN"
    "http://www.w3.org/TR/xhtml1/DTD/xhtml1-transitional.dtd">
<html xmlns="http://www.w3.org/1999/xhtml" xml:lang="en" lang="en">
 <head>
  <title>
</title>
<meta http-equiv="Content-Type" content="text/html;charset=utf-8" />
  <meta name='ocr-system' content='tesseract 3.04.00' />
  <meta name='ocr-capabilities' content='ocr_page ocr_carea ocr_par ocr_line ocrx_word'/>
</head>
<body>
  <div class='ocr_page' id='page_1' title='image "./diewerkederhrot00hrotgoog_0426.png"; bbox 0 0 3080 4892; ppageno 0'>
   <div class='ocr_carea' id='block_1_1' title="bbox 729 417 967 486">
    <p class='ocr_par' dir='ltr' id='par_1_1' title="bbox 729 417 967 486">
     <span class='ocr_line' id='line_1_1' title="bbox 729 417 967 486; baseline 0.008 -2"><span class='ocrx_word' id='word_1_1' title='bbox 729 417 879 486; x_wconf 81' lang='lat'>-358</span> <span class='ocrx_word' id='word_1_2' title='bbox 922 455 967 470; x_wconf 86' lang='lat'><strong>·-</strong></span> 
     </span>
    </p>
   </div>
   <div class='ocr_carea' id='block_1_2' title="bbox 331 595 1365 3671">
    <p class='ocr_par' dir='ltr' id='par_1_2' title="bbox 417 595 1147 678">
     <span class='ocr_line' id='line_1_2' title="bbox 417 595 1147 678; baseline -0.007 -20"><span class='ocrx_word' id='word_1_3' title='bbox 417 596 508 668; x_wconf 80' lang='lat' dir='ltr'><strong>Quod</strong></span> <span class='ocrx_word' id='word_1_4' title='bbox 529 597 736 678; x_wconf 75' lang='lat' dir='ltr'><strong>protoplastes</strong></span> <span class='ocrx_word' id='word_1_5' title='bbox 758 595 968 674; x_wconf 76' lang='lat' dir='ltr'><strong>degustavere</strong></span> <span class='ocrx_word' id='word_1_6' title='bbox 990 597 1147 675; x_wconf 89' lang='lat' dir='ltr'><strong>parentes,</strong></span> 
     </span>
    </p>

    <p class='ocr_par' dir='ltr' id='par_1_3' title="bbox 332 695 1365 1194">
     <span class='ocr_line' id='line_1_3' title="bbox 332 695 1128 774; baseline -0.005 -11"><span class='ocrx_word' id='word_1_7' title='bbox 332 695 404 763; x_wconf 84' lang='lat'>540.</span> <span class='ocrx_word' id='word_1_8' title='bbox 419 698 554 762; x_wconf 86' lang='lat' dir='ltr'><strong>Exuitur</strong></span> <span class='ocrx_word' id='word_1_9' title='bbox 575 699 721 762; x_wconf 89' lang='lat' dir='ltr'><strong>membris</strong></span> <span class='ocrx_word' id='word_1_10' title='bbox 742 699 850 774; x_wconf 80' lang='lat' dir='ltr'><strong>limoso</strong></span> <span class='ocrx_word' id='word_1_11' title='bbox 871 701 1001 760; x_wconf 88' lang='lat' dir='ltr'><strong>stamme</strong></span> <span class='ocrx_word' id='word_1_12' title='bbox 1024 700 1128 772; x_wconf 66' lang='lat' dir='ltr'><strong>textu,</strong></span> 
     </span>
     <span class='ocr_line' id='line_1_4' title="bbox 416 793 1365 883; baseline -0.002 -18"><span class='ocrx_word' id='word_1_13' title='bbox 416 802 499 866; x_wconf 84' lang='lat' dir='ltr'>Proh</span> <span class='ocrx_word' id='word_1_14' title='bbox 522 803 622 865; x_wconf 88' lang='lat' dir='ltr'><strong>dolor!</strong></span> <span class='ocrx_word' id='word_1_15' title='bbox 644 806 739 883; x_wconf 87' lang='lat' dir='ltr'><strong>atque</strong></span> <span class='ocrx_word' id='word_1_16' title='bbox 760 803 839 863; x_wconf 91' lang='lat' dir='ltr'><strong>seris</strong></span> <span class='ocrx_word' id='word_1_17' title='bbox 862 801 973 863; x_wconf 87' lang='lat' dir='ltr'><strong>clausit</strong></span> <span class='ocrx_word' id='word_1_18' title='bbox 993 819 1050 862; x_wconf 88' lang='lat' dir='ltr'><strong>sua</strong></span> <span class='ocrx_word' id='word_1_19' title='bbox 1071 801 1187 864; x_wconf 91' lang='lat' dir='ltr'><strong>lumina</strong></span> <span class='ocrx_word' id='word_1_20' title='bbox 1207 801 1326 878; x_wconf 89' lang='lat' dir='ltr'><strong>mortis,</strong></span> <span class='ocrx_word' id='word_1_21' title='bbox 1359 793 1365 806; x_wconf 82' lang='lat'>&#39;</span> 
     </span>
     <span class='ocr_line' id='line_1_5' title="bbox 419 903 1151 968; baseline -0.003 0"><span class='ocrx_word' id='word_1_22' title='bbox 419 903 517 968; x_wconf 81' lang='lat' dir='ltr'><strong>Gaetu</strong></span> <span class='ocrx_word' id='word_1_23' title='bbox 538 911 714 968; x_wconf 90' lang='lat' dir='ltr'><strong>nostrarum</strong></span> <span class='ocrx_word' id='word_1_24' title='bbox 735 906 989 967; x_wconf 84' lang='lat' dir='ltr'><strong>circumvallante</strong></span> <span class='ocrx_word' id='word_1_25' title='bbox 1010 919 1151 967; x_wconf 87' lang='lat' dir='ltr'><strong>sororum</strong></span> 
     </span>
     <span class='ocr_line' id='line_1_6' title="bbox 417 1007 1097 1071; baseline -0.001 -1"><span class='ocrx_word' id='word_1_26' title='bbox 417 1007 571 1071; x_wconf 89' lang='lat' dir='ltr'><strong>Pernimio</strong></span> <span class='ocrx_word' id='word_1_27' title='bbox 594 1009 696 1071; x_wconf 90' lang='lat' dir='ltr'><strong>domni</strong></span> <span class='ocrx_word' id='word_1_28' title='bbox 717 1009 793 1071; x_wconf 86' lang='lat' dir='ltr'><strong>fletu</strong></span> <span class='ocrx_word' id='word_1_29' title='bbox 813 1010 928 1070; x_wconf 89' lang='lat' dir='ltr'><strong>lactum</strong></span> <span class='ocrx_word' id='word_1_30' title='bbox 949 1008 1097 1070; x_wconf 90' lang='lat' dir='ltr'><strong>morituri.</strong></span> 
     </span>
     <span class='ocr_line' id='line_1_7' title="bbox 419 1109 1205 1194; baseline -0.003 -20"><span class='ocrx_word' id='word_1_31' title='bbox 419 1109 514 1194; x_wconf 85' lang='lat' dir='ltr'><strong>Cujus</strong></span> <span class='ocrx_word' id='word_1_32' title='bbox 536 1113 576 1174; x_wconf 87' lang='lat' dir='ltr'><strong>ad</strong></span> <span class='ocrx_word' id='word_1_33' title='bbox 599 1113 748 1193; x_wconf 89' lang='lat' dir='ltr'><strong>exequias</strong></span> <span class='ocrx_word' id='word_1_34' title='bbox 771 1131 887 1174; x_wconf 91' lang='lat' dir='ltr'><strong>summo</strong></span> <span class='ocrx_word' id='word_1_35' title='bbox 909 1112 982 1174; x_wconf 90' lang='lat' dir='ltr'><strong>nisu</strong></span> <span class='ocrx_word' id='word_1_36' title='bbox 1004 1111 1205 1172; x_wconf 87' lang='lat' dir='ltr'><strong>celebrandas</strong></span> 
     </span>
    </p>

    <p class='ocr_par' dir='ltr' id='par_1_4' title="bbox 331 1211 1321 1714">
     <span class='ocr_line' id='line_1_8' title="bbox 331 1211 1208 1297; baseline 0 -21"><span class='ocrx_word' id='word_1_37' title='bbox 331 1211 403 1277; x_wconf 83' lang='lat'>545.</span> <span class='ocrx_word' id='word_1_38' title='bbox 421 1215 565 1297; x_wconf 87' lang='lat' dir='ltr'><strong>Undique</strong></span> <span class='ocrx_word' id='word_1_39' title='bbox 587 1219 743 1280; x_wconf 78' lang='lat' dir='ltr'><strong>nostrates</strong></span> <span class='ocrx_word' id='word_1_40' title='bbox 764 1217 981 1278; x_wconf 87' lang='lat' dir='ltr'><strong>confluxerunt</strong></span> <span class='ocrx_word' id='word_1_41' title='bbox 1002 1216 1208 1290; x_wconf 74' lang='lat' dir='ltr'><strong>lacrimantes,</strong></span> 
     </span>
     <span class='ocr_line' id='line_1_9' title="bbox 417 1318 1105 1399; baseline 0 -19"><span class='ocrx_word' id='word_1_42' title='bbox 417 1318 522 1399; x_wconf 81' lang='lat' dir='ltr'><strong>Atque</strong></span> <span class='ocrx_word' id='word_1_43' title='bbox 544 1320 592 1380; x_wconf 91' lang='lat' dir='ltr'><strong>sui</strong></span> <span class='ocrx_word' id='word_1_44' title='bbox 613 1320 709 1381; x_wconf 88' lang='lat' dir='ltr'><strong>letum</strong></span> <span class='ocrx_word' id='word_1_45' title='bbox 731 1319 795 1381; x_wconf 89' lang='lat' dir='ltr'><strong>oari</strong></span> <span class='ocrx_word' id='word_1_46' title='bbox 816 1319 946 1382; x_wconf 87' lang='lat' dir='ltr'><strong>sanioris</strong></span> <span class='ocrx_word' id='word_1_47' title='bbox 968 1338 1105 1380; x_wconf 91' lang='lat' dir='ltr'><strong>amarum</strong></span> 
     </span>
     <span class='ocr_line' id='line_1_10' title="bbox 417 1419 1161 1503; baseline 0 -21"><span class='ocrx_word' id='word_1_48' title='bbox 417 1419 532 1483; x_wconf 85' lang='lat' dir='ltr'><strong>Omnes</strong></span> <span class='ocrx_word' id='word_1_49' title='bbox 553 1422 712 1484; x_wconf 79' lang='lat' dir='ltr'><strong>inmodicis</strong></span> <span class='ocrx_word' id='word_1_50' title='bbox 734 1422 851 1503; x_wconf 90' lang='lat' dir='ltr'><strong>pariter</strong></span> <span class='ocrx_word' id='word_1_51' title='bbox 872 1422 989 1483; x_wconf 83' lang='lat' dir='ltr'><strong>flevere</strong></span> <span class='ocrx_word' id='word_1_52' title='bbox 1011 1421 1161 1482; x_wconf 88' lang='lat' dir='ltr'><strong>lamentis.</strong></span> 
     </span>
     <span class='ocr_line' id='line_1_11' title="bbox 418 1521 1321 1607; baseline -0.001 -21"><span class='ocrx_word' id='word_1_53' title='bbox 418 1521 481 1586; x_wconf 85' lang='lat' dir='ltr'><strong>Sed</strong></span> <span class='ocrx_word' id='word_1_54' title='bbox 501 1524 618 1586; x_wconf 89' lang='lat' dir='ltr'><strong>luctum</strong></span> <span class='ocrx_word' id='word_1_55' title='bbox 640 1545 812 1607; x_wconf 89' lang='lat' dir='ltr'><strong>procerum,</strong></span> <span class='ocrx_word' id='word_1_56' title='bbox 834 1526 923 1607; x_wconf 85' lang='lat' dir='ltr'><strong>vulgi</strong></span> <span class='ocrx_word' id='word_1_57' title='bbox 943 1526 1122 1607; x_wconf 79' lang='lat' dir='ltr'><strong>pariterque</strong></span> <span class='ocrx_word' id='word_1_58' title='bbox 1143 1526 1321 1600; x_wconf 88' lang='lat' dir='ltr'><strong>lamentum,</strong></span> 
     </span>
     <span class='ocr_line' id='line_1_12' title="bbox 417 1627 1202 1714; baseline 0.001 -26"><span class='ocrx_word' id='word_1_59' title='bbox 417 1627 500 1690; x_wconf 87' lang='lat' dir='ltr'><strong>Vicit</strong></span> <span class='ocrx_word' id='word_1_60' title='bbox 521 1646 693 1690; x_wconf 80' lang='lat' dir='ltr'><strong>nonnarum</strong></span> <span class='ocrx_word' id='word_1_61' title='bbox 714 1629 889 1692; x_wconf 88' lang='lat' dir='ltr'><strong>miseranda</strong></span> <span class='ocrx_word' id='word_1_62' title='bbox 911 1629 1039 1714; x_wconf 87' lang='lat' dir='ltr'><strong>querela</strong></span> <span class='ocrx_word' id='word_1_63' title='bbox 1060 1647 1202 1706; x_wconf 75' lang='lat' dir='ltr'><strong>suarom3</strong></span> 
     </span>
    </p>

    <p class='ocr_par' dir='ltr' id='par_1_5' title="bbox 332 1725 1281 2225">
     <span class='ocr_line' id='line_1_13' title="bbox 332 1725 1157 1813; baseline 0.001 -22"><span class='ocrx_word' id='word_1_64' title='bbox 332 1725 403 1792; x_wconf 82' lang='lat'>550.</span> <span class='ocrx_word' id='word_1_65' title='bbox 417 1729 505 1801; x_wconf 84' lang='lat' dir='ltr'><strong>Quae</strong></span> <span class='ocrx_word' id='word_1_66' title='bbox 527 1751 583 1813; x_wconf 92' lang='lat' dir='ltr'><strong>pro</strong></span> <span class='ocrx_word' id='word_1_67' title='bbox 607 1733 732 1793; x_wconf 84' lang='lat' dir='ltr'><strong>deiectu</strong></span> <span class='ocrx_word' id='word_1_68' title='bbox 755 1733 866 1793; x_wconf 89' lang='lat' dir='ltr'><strong>montis</strong></span> <span class='ocrx_word' id='word_1_69' title='bbox 888 1733 977 1794; x_wconf 89' lang='lat' dir='ltr'><strong>solito</strong></span> <span class='ocrx_word' id='word_1_70' title='bbox 1000 1731 1157 1792; x_wconf 90' lang='lat' dir='ltr'><strong>muliebris</strong></span> 
     </span>
     <span class='ocr_line' id='line_1_14' title="bbox 418 1833 1217 1916; baseline 0.003 -21"><span class='ocrx_word' id='word_1_71' title='bbox 418 1833 535 1896; x_wconf 83' lang='lat' dir='ltr'><strong>Vivere</strong></span> <span class='ocrx_word' id='word_1_72' title='bbox 558 1838 750 1916; x_wconf 88' lang='lat' dir='ltr'><strong>spernentes,</strong></span> <span class='ocrx_word' id='word_1_73' title='bbox 777 1836 928 1916; x_wconf 77' lang='lat' dir='ltr'><strong>citiusque</strong></span> <span class='ocrx_word' id='word_1_74' title='bbox 950 1836 1028 1897; x_wconf 89' lang='lat' dir='ltr'><strong>mori</strong></span> <span class='ocrx_word' id='word_1_75' title='bbox 1049 1836 1217 1916; x_wconf 86' lang='lat' dir='ltr'><strong>cupientes,</strong></span> 
     </span>
     <span class='ocr_line' id='line_1_15' title="bbox 416 1935 1281 2020; baseline 0.005 -23"><span class='ocrx_word' id='word_1_76' title='bbox 416 1935 454 1997; x_wconf 90' lang='lat' dir='ltr'><strong>In</strong></span> <span class='ocrx_word' id='word_1_77' title='bbox 476 1938 663 2001; x_wconf 85' lang='lat' dir='ltr'><strong>lacrimando</strong></span> <span class='ocrx_word' id='word_1_78' title='bbox 685 1940 808 2000; x_wconf 91' lang='lat' dir='ltr'><strong>modum</strong></span> <span class='ocrx_word' id='word_1_79' title='bbox 828 1940 997 2001; x_wconf 85' lang='lat' dir='ltr'><strong>voluerunt</strong></span> <span class='ocrx_word' id='word_1_80' title='bbox 1018 1959 1133 2020; x_wconf 88' lang='lat' dir='ltr'><strong>ponere</strong></span> <span class='ocrx_word' id='word_1_81' title='bbox 1155 1940 1281 2001; x_wconf 88' lang='lat' dir='ltr'><strong>nullum</strong></span> 
     </span>
     <span class='ocr_line' id='line_1_16' title="bbox 417 2038 1209 2123; baseline 0.003 -23"><span class='ocrx_word' id='word_1_82' title='bbox 417 2038 499 2101; x_wconf 92' lang='lat' dir='ltr'><strong>Hinc</strong></span> <span class='ocrx_word' id='word_1_83' title='bbox 521 2042 617 2121; x_wconf 89' lang='lat' dir='ltr'><strong>patris</strong></span> <span class='ocrx_word' id='word_1_84' title='bbox 641 2043 779 2123; x_wconf 89' lang='lat' dir='ltr'><strong>ejusdem</strong></span> <span class='ocrx_word' id='word_1_85' title='bbox 801 2042 866 2102; x_wconf 89' lang='lat' dir='ltr'><strong>cari</strong></span> <span class='ocrx_word' id='word_1_86' title='bbox 888 2041 1062 2122; x_wconf 86' lang='lat' dir='ltr'><strong>dominique</strong></span> <span class='ocrx_word' id='word_1_87' title='bbox 1083 2043 1209 2122; x_wconf 83' lang='lat' dir='ltr'><strong>benigni</strong></span> 
     </span>
     <span class='ocr_line' id='line_1_17' title="bbox 418 2140 1241 2225; baseline 0.002 -21"><span class='ocrx_word' id='word_1_88' title='bbox 418 2140 537 2225; x_wconf 85' lang='lat' dir='ltr'><strong>Corpus</strong></span> <span class='ocrx_word' id='word_1_89' title='bbox 558 2164 615 2225; x_wconf 90' lang='lat' dir='ltr'><strong>per</strong></span> <span class='ocrx_word' id='word_1_90' title='bbox 637 2145 773 2206; x_wconf 89' lang='lat' dir='ltr'><strong>triduum</strong></span> <span class='ocrx_word' id='word_1_91' title='bbox 795 2147 1023 2207; x_wconf 81' lang='lat' dir='ltr'><strong>conservabant</strong></span> <span class='ocrx_word' id='word_1_92' title='bbox 1043 2147 1241 2220; x_wconf 87' lang='lat' dir='ltr'><strong>inhumatum,</strong></span> 
     </span>
    </p>

    <p class='ocr_par' dir='ltr' id='par_1_6' title="bbox 331 2239 1223 2742">
     <span class='ocr_line' id='line_1_18' title="bbox 331 2239 1158 2330; baseline 0.004 -24"><span class='ocrx_word' id='word_1_93' title='bbox 331 2239 403 2307; x_wconf 87' lang='grc'>555.</span> <span class='ocrx_word' id='word_1_94' title='bbox 415 2242 481 2307; x_wconf 76' lang='lat' dir='ltr'><strong>(leu</strong></span> <span class='ocrx_word' id='word_1_95' title='bbox 502 2265 571 2308; x_wconf 89' lang='lat' dir='ltr'><strong>sese</strong></span> <span class='ocrx_word' id='word_1_96' title='bbox 593 2249 726 2310; x_wconf 84' lang='lat' dir='ltr'><strong>lacrimis</strong></span> <span class='ocrx_word' id='word_1_97' title='bbox 748 2251 914 2329; x_wconf 83' lang='lat' dir='ltr'><strong>sperarent</strong></span> <span class='ocrx_word' id='word_1_98' title='bbox 933 2269 1024 2330; x_wconf 91' lang='lat' dir='ltr'><strong>posse</strong></span> <span class='ocrx_word' id='word_1_99' title='bbox 1045 2249 1158 2311; x_wconf 86' lang='lat' dir='ltr'><strong>refusis</strong></span> 
     </span>
     <span class='ocr_line' id='line_1_19' title="bbox 415 2347 1157 2415; baseline 0.004 -6"><span class='ocrx_word' id='word_1_100' title='bbox 415 2347 555 2414; x_wconf 86' lang='lat' dir='ltr'><strong>Extincti</strong></span> <span class='ocrx_word' id='word_1_101' title='bbox 576 2352 682 2414; x_wconf 89' lang='lat' dir='ltr'><strong>flatum</strong></span> <span class='ocrx_word' id='word_1_102' title='bbox 705 2353 794 2415; x_wconf 90' lang='lat' dir='ltr'><strong>citius</strong></span> <span class='ocrx_word' id='word_1_103' title='bbox 816 2371 966 2414; x_wconf 85' lang='lat' dir='ltr'><strong>revocare</strong></span> <span class='ocrx_word' id='word_1_104' title='bbox 986 2353 1157 2414; x_wconf 89' lang='lat' dir='ltr'><strong>reductum.</strong></span> 
     </span>
     <span class='ocr_line' id='line_1_20' title="bbox 417 2451 1223 2538; baseline 0.004 -25"><span class='ocrx_word' id='word_1_105' title='bbox 417 2451 555 2515; x_wconf 83' lang='lat' dir='ltr'><strong>Tandem</strong></span> <span class='ocrx_word' id='word_1_106' title='bbox 578 2457 737 2518; x_wconf 90' lang='lat' dir='ltr'><strong>consilium</strong></span> <span class='ocrx_word' id='word_1_107' title='bbox 760 2456 883 2538; x_wconf 86' lang='lat' dir='ltr'><strong>sapiens</strong></span> <span class='ocrx_word' id='word_1_108' title='bbox 906 2456 981 2516; x_wconf 90' lang='lat' dir='ltr'><strong>satis</strong></span> <span class='ocrx_word' id='word_1_109' title='bbox 1004 2455 1223 2518; x_wconf 83' lang='lat' dir='ltr'><strong>advenientum</strong></span> 
     </span>
     <span class='ocr_line' id='line_1_21' title="bbox 416 2555 1066 2641; baseline 0.003 -25"><span class='ocrx_word' id='word_1_110' title='bbox 416 2555 596 2619; x_wconf 87' lang='lat' dir='ltr'><strong>Decernens</strong></span> <span class='ocrx_word' id='word_1_111' title='bbox 616 2577 716 2620; x_wconf 82' lang='lat' dir='ltr'><strong>uanae</strong></span> <span class='ocrx_word' id='word_1_112' title='bbox 739 2560 806 2641; x_wconf 91' lang='lat' dir='ltr'><strong>spei</strong></span> <span class='ocrx_word' id='word_1_113' title='bbox 829 2559 943 2620; x_wconf 87' lang='lat' dir='ltr'><strong>debere</strong></span> <span class='ocrx_word' id='word_1_114' title='bbox 965 2559 1066 2632; x_wconf 90' lang='lat' dir='ltr'><strong>reniti,</strong></span> 
     </span>
     <span class='ocr_line' id='line_1_22' title="bbox 418 2657 1195 2742; baseline 0.006 -23"><span class='ocrx_word' id='word_1_115' title='bbox 418 2657 512 2720; x_wconf 90' lang='lat' dir='ltr'><strong>Ocius</strong></span> <span class='ocrx_word' id='word_1_116' title='bbox 534 2659 565 2720; x_wconf 94' lang='lat' dir='ltr'><strong>in</strong></span> <span class='ocrx_word' id='word_1_117' title='bbox 586 2662 702 2724; x_wconf 88' lang='lat' dir='ltr'><strong>tumulo</strong></span> <span class='ocrx_word' id='word_1_118' title='bbox 725 2683 786 2724; x_wconf 91' lang='lat' dir='ltr'><strong>non</strong></span> <span class='ocrx_word' id='word_1_119' title='bbox 809 2664 926 2742; x_wconf 89' lang='lat' dir='ltr'><strong>absque</strong></span> <span class='ocrx_word' id='word_1_120' title='bbox 949 2661 1054 2723; x_wconf 88' lang='lat' dir='ltr'><strong>dolore</strong></span> <span class='ocrx_word' id='word_1_121' title='bbox 1077 2664 1195 2742; x_wconf 89' lang='lat' dir='ltr'><strong>parato,</strong></span> 
     </span>
    </p>

    <p class='ocr_par' dir='ltr' id='par_1_7' title="bbox 332 2757 1256 3259">
     <span class='ocr_line' id='line_1_23' title="bbox 332 2757 1192 2840; baseline 0.006 -18"><span class='ocrx_word' id='word_1_122' title='bbox 332 2757 403 2824; x_wconf 89' lang='grc'>560.</span> <span class='ocrx_word' id='word_1_123' title='bbox 420 2761 482 2824; x_wconf 88' lang='lat' dir='ltr'><strong>Sed</strong></span> <span class='ocrx_word' id='word_1_124' title='bbox 503 2764 590 2826; x_wconf 89' lang='lat' dir='ltr'><strong>luctu</strong></span> <span class='ocrx_word' id='word_1_125' title='bbox 611 2765 703 2827; x_wconf 90' lang='lat' dir='ltr'><strong>nimio</strong></span> <span class='ocrx_word' id='word_1_126' title='bbox 726 2766 989 2827; x_wconf 89' lang='lat' dir='ltr'><strong>circumstantium</strong></span> <span class='ocrx_word' id='word_1_127' title='bbox 1010 2766 1192 2840; x_wconf 84' lang='lat' dir='ltr'><strong>madefacto,</strong></span> 
     </span>
     <span class='ocr_line' id='line_1_24' title="bbox 416 2865 1177 2949; baseline 0.005 -23"><span class='ocrx_word' id='word_1_128' title='bbox 416 2865 557 2928; x_wconf 88' lang='lat' dir='ltr'><strong>Membra</strong></span> <span class='ocrx_word' id='word_1_129' title='bbox 580 2869 665 2929; x_wconf 90' lang='lat' dir='ltr'><strong>ducis</strong></span> <span class='ocrx_word' id='word_1_130' title='bbox 688 2870 765 2931; x_wconf 90' lang='lat' dir='ltr'><strong>tanti</strong></span> <span class='ocrx_word' id='word_1_131' title='bbox 788 2870 882 2949; x_wconf 90' lang='lat' dir='ltr'><strong>digne</strong></span> <span class='ocrx_word' id='word_1_132' title='bbox 906 2870 1060 2930; x_wconf 85' lang='lat' dir='ltr'><strong>servanda</strong></span> <span class='ocrx_word' id='word_1_133' title='bbox 1082 2869 1177 2930; x_wconf 87' lang='lat' dir='ltr'><strong>locari</strong></span> 
     </span>
     <span class='ocr_line' id='line_1_25' title="bbox 416 2968 1256 3054; baseline 0.006 -26"><span class='ocrx_word' id='word_1_134' title='bbox 416 2968 505 3031; x_wconf 83' lang='lat' dir='ltr'><strong>Fecit</strong></span> <span class='ocrx_word' id='word_1_135' title='bbox 523 2971 554 3030; x_wconf 90' lang='lat' dir='ltr'><strong>in</strong></span> <span class='ocrx_word' id='word_1_136' title='bbox 578 2973 729 3034; x_wconf 89' lang='lat' dir='ltr'><strong>ecclesiae</strong></span> <span class='ocrx_word' id='word_1_137' title='bbox 751 2974 861 3047; x_wconf 89' lang='lat' dir='ltr'><strong>medio,</strong></span> <span class='ocrx_word' id='word_1_138' title='bbox 885 2991 976 3051; x_wconf 89' lang='lat' dir='ltr'><strong>quam</strong></span> <span class='ocrx_word' id='word_1_139' title='bbox 999 2975 1160 3033; x_wconf 84' lang='lat' dir='ltr'><strong>struxerat</strong></span> <span class='ocrx_word' id='word_1_140' title='bbox 1180 2973 1256 3054; x_wconf 88' lang='lat' dir='ltr'><strong>ipsc.</strong></span> 
     </span>
     <span class='ocr_line' id='line_1_26' title="bbox 415 3069 1139 3150; baseline 0.007 -20"><span class='ocrx_word' id='word_1_141' title='bbox 415 3069 485 3132; x_wconf 93' lang='lat' dir='ltr'><strong>Illic</strong></span> <span class='ocrx_word' id='word_1_142' title='bbox 506 3076 681 3134; x_wconf 88' lang='lat' dir='ltr'><strong>nostrarum</strong></span> <span class='ocrx_word' id='word_1_143' title='bbox 703 3076 804 3136; x_wconf 91' lang='lat' dir='ltr'><strong>studio</strong></span> <span class='ocrx_word' id='word_1_144' title='bbox 828 3075 968 3134; x_wconf 89' lang='lat' dir='ltr'><strong>certante</strong></span> <span class='ocrx_word' id='word_1_145' title='bbox 991 3093 1139 3150; x_wconf 89' lang='lat' dir='ltr'><strong>sororum,</strong></span> 
     </span>
     <span class='ocr_line' id='line_1_27' title="bbox 418 3170 1137 3259; baseline 0.008 -27"><span class='ocrx_word' id='word_1_146' title='bbox 418 3170 577 3234; x_wconf 84' lang='lat' dir='ltr'><strong>Continuis</strong></span> <span class='ocrx_word' id='word_1_147' title='bbox 599 3176 742 3255; x_wconf 89' lang='lat' dir='ltr'><strong>precibus</strong></span> <span class='ocrx_word' id='word_1_148' title='bbox 766 3177 896 3238; x_wconf 85' lang='lat' dir='ltr'><strong>dilectus</strong></span> <span class='ocrx_word' id='word_1_149' title='bbox 919 3178 1046 3258; x_wconf 88' lang='lat' dir='ltr'><strong>spiritus</strong></span> <span class='ocrx_word' id='word_1_150' title='bbox 1069 3180 1137 3259; x_wconf 89' lang='lat' dir='ltr'><strong>ejus</strong></span> 
     </span>
    </p>

    <p class='ocr_par' dir='ltr' id='par_1_8' title="bbox 331 3267 1301 3466">
     <span class='ocr_line' id='line_1_28' title="bbox 331 3267 1148 3362; baseline 0.011 -29"><span class='ocrx_word' id='word_1_151' title='bbox 331 3267 404 3335; x_wconf 88' lang='grc'>565.</span> <span class='ocrx_word' id='word_1_152' title='bbox 421 3273 550 3357; x_wconf 86' lang='lat' dir='ltr'><strong>Semper</strong></span> <span class='ocrx_word' id='word_1_153' title='bbox 573 3275 759 3341; x_wconf 70' lang='lat' dir='ltr'><strong>celsithroni</strong></span> <span class='ocrx_word' id='word_1_154' title='bbox 781 3281 1010 3342; x_wconf 90' lang='lat' dir='ltr'><strong>commendatur</strong></span> <span class='ocrx_word' id='word_1_155' title='bbox 1031 3281 1148 3362; x_wconf 88' lang='lat' dir='ltr'><strong>pietati.</strong></span> 
     </span>
     <span class='ocr_line' id='line_1_29' title="bbox 417 3378 1301 3466; baseline 0.006 -26"><span class='ocrx_word' id='word_1_156' title='bbox 417 3378 485 3449; x_wconf 80' lang='lat' dir='ltr'><strong>Quo</strong></span> <span class='ocrx_word' id='word_1_157' title='bbox 508 3381 562 3443; x_wconf 89' lang='lat' dir='ltr'><strong>dot</strong></span> <span class='ocrx_word' id='word_1_158' title='bbox 583 3382 611 3442; x_wconf 90' lang='lat' dir='ltr'><strong>ei</strong></span> <span class='ocrx_word' id='word_1_159' title='bbox 633 3384 771 3463; x_wconf 87' lang='lat' dir='ltr'><strong>requiem</strong></span> <span class='ocrx_word' id='word_1_160' title='bbox 794 3385 930 3445; x_wconf 85' lang='lat' dir='ltr'><strong>clemens</strong></span> <span class='ocrx_word' id='word_1_161' title='bbox 952 3383 1019 3444; x_wconf 89' lang='lat' dir='ltr'><strong>sine</strong></span> <span class='ocrx_word' id='word_1_162' title='bbox 1041 3384 1102 3446; x_wconf 84' lang='lat' dir='ltr'><strong>fine</strong></span> <span class='ocrx_word' id='word_1_163' title='bbox 1124 3383 1301 3466; x_wconf 87' lang='lat' dir='ltr'><strong>perennem.</strong></span> 
     </span>
    </p>

    <p class='ocr_par' dir='ltr' id='par_1_9' title="bbox 462 3481 1303 3568">
     <span class='ocr_line' id='line_1_30' title="bbox 462 3481 1303 3568; baseline 0.007 -26"><span class='ocrx_word' id='word_1_164' title='bbox 462 3481 586 3548; x_wconf 80' lang='lat' dir='ltr'><strong>Scilicet</strong></span> <span class='ocrx_word' id='word_1_165' title='bbox 608 3488 680 3547; x_wconf 91' lang='lat' dir='ltr'><strong>ante</strong></span> <span class='ocrx_word' id='word_1_166' title='bbox 703 3486 770 3547; x_wconf 92' lang='lat' dir='ltr'><strong>dies</strong></span> <span class='ocrx_word' id='word_1_167' title='bbox 794 3489 871 3562; x_wconf 90' lang='lat' dir='ltr'><strong>octo,</strong></span> <span class='ocrx_word' id='word_1_168' title='bbox 893 3486 1021 3548; x_wconf 89' lang='lat' dir='ltr'><strong>totidem</strong></span> <span class='ocrx_word' id='word_1_169' title='bbox 1043 3506 1164 3568; x_wconf 89' lang='lat' dir='ltr'><strong>quoque</strong></span> <span class='ocrx_word' id='word_1_170' title='bbox 1187 3489 1303 3564; x_wconf 91' lang='lat' dir='ltr'><strong>noctes,</strong></span> 
     </span>
    </p>

    <p class='ocr_par' dir='ltr' id='par_1_10' title="bbox 418 3583 1238 3671">
     <span class='ocr_line' id='line_1_31' title="bbox 418 3583 1238 3671; baseline 0.007 -25"><span class='ocrx_word' id='word_1_171' title='bbox 418 3583 519 3654; x_wconf 84' lang='lat' dir='ltr'><strong>Quam</strong></span> <span class='ocrx_word' id='word_1_172' title='bbox 542 3588 628 3648; x_wconf 91' lang='lat' dir='ltr'><strong>ducis</strong></span> <span class='ocrx_word' id='word_1_173' title='bbox 651 3608 780 3650; x_wconf 87' lang='lat' dir='ltr'><strong>occasus</strong></span> <span class='ocrx_word' id='word_1_174' title='bbox 800 3589 983 3650; x_wconf 86' lang='lat' dir='ltr'><strong>miserabilis</strong></span> <span class='ocrx_word' id='word_1_175' title='bbox 1006 3589 1116 3651; x_wconf 88' lang='lat' dir='ltr'><strong>accidit</strong></span> <span class='ocrx_word' id='word_1_176' title='bbox 1138 3591 1238 3671; x_wconf 85' lang='lat' dir='ltr'><strong>hujus,</strong></span> 
     </span>
    </p>
   </div>
   <div class='ocr_carea' id='block_1_3' title="bbox 326 3685 1101 3872">
    <p class='ocr_par' dir='ltr' id='par_1_11' title="bbox 326 3685 1101 3872">
     <span class='ocr_line' id='line_1_32' title="bbox 417 3685 1054 3775; baseline 0.013 -29"><span class='ocrx_word' id='word_1_177' title='bbox 417 3685 519 3768; x_wconf 88' lang='lat' dir='ltr'><strong>Ipsius</strong></span> <span class='ocrx_word' id='word_1_178' title='bbox 541 3693 622 3767; x_wconf 90' lang='lat' dir='ltr'><strong>nato,</strong></span> <span class='ocrx_word' id='word_1_179' title='bbox 644 3693 714 3771; x_wconf 83' lang='lat' dir='ltr'><strong>regi</strong></span> <span class='ocrx_word' id='word_1_180' title='bbox 736 3694 917 3775; x_wconf 89' lang='lat' dir='ltr'><strong>quandoque</strong></span> <span class='ocrx_word' id='word_1_181' title='bbox 940 3693 1054 3768; x_wconf 83' lang='lat' dir='ltr'><strong>futuro,</strong></span> 
     </span>
     <span class='ocr_line' id='line_1_33' title="bbox 326 3784 1101 3872; baseline 0.01 -23"><span class='ocrx_word' id='word_1_182' title='bbox 326 3784 408 3860; x_wconf 71' lang='grc'>570.</span> <span class='ocrx_word' id='word_1_183' title='bbox 418 3789 564 3853; x_wconf 86' lang='lat' dir='ltr'><strong>Nascitur</strong></span> <span class='ocrx_word' id='word_1_184' title='bbox 585 3794 721 3856; x_wconf 87' lang='lat' dir='ltr'><strong>Henrico</strong></span> <span class='ocrx_word' id='word_1_185' title='bbox 745 3796 879 3857; x_wconf 87' lang='lat' dir='ltr'><strong>famosus</strong></span> <span class='ocrx_word' id='word_1_186' title='bbox 901 3796 981 3858; x_wconf 89' lang='lat' dir='ltr'><strong>filius</strong></span> <span class='ocrx_word' id='word_1_187' title='bbox 1003 3795 1101 3872; x_wconf 92' lang='lat' dir='ltr'><strong>Oddo,</strong></span> 
     </span>
    </p>
   </div>
   <div class='ocr_carea' id='block_1_4' title="bbox 357 3988 1366 4200">
    <p class='ocr_par' dir='ltr' id='par_1_12' title="bbox 357 3988 1366 4200">
     <span class='ocr_line' id='line_1_34' title="bbox 357 3988 1366 4052; baseline 0.008 -18"><span class='ocrx_word' id='word_1_188' title='bbox 357 3988 405 4034; x_wconf 72' lang='lat' dir='ltr'><strong>tlt.</strong></span> <span class='ocrx_word' id='word_1_189' title='bbox 422 3991 532 4048; x_wconf 80' lang='lat' dir='ltr'><strong>limina,</strong></span> <span class='ocrx_word' id='word_1_190' title='bbox 548 3992 590 4047; x_wconf 76' lang='lat' dir='ltr'><strong>Ap.</strong></span> <span class='ocrx_word' id='word_1_191' title='bbox 617 3994 665 4040; x_wconf 76' lang='lat' dir='ltr'><strong>ata.</strong></span> <span class='ocrx_word' id='word_1_192' title='bbox 680 3994 805 4049; x_wconf 83' lang='lat' dir='ltr'><strong>Domini,</strong></span> <span class='ocrx_word' id='word_1_193' title='bbox 819 3994 873 4040; x_wconf 78' lang='lat' dir='ltr'><strong>bak.</strong></span> <span class='ocrx_word' id='word_1_194' title='bbox 901 3996 948 4040; x_wconf 74' lang='lat' dir='ltr'><strong>tto.</strong></span> <span class='ocrx_word' id='word_1_195' title='bbox 966 3997 1077 4038; x_wconf 80' lang='lat' dir='ltr'><strong>neritis</strong></span> <span class='ocrx_word' id='word_1_196' title='bbox 1094 3997 1130 4039; x_wconf 79' lang='lat' dir='ltr'><strong>tor</strong></span> <span class='ocrx_word' id='word_1_197' title='bbox 1147 3999 1265 4052; x_wconf 79' lang='lat' dir='ltr'><strong>mentis,</strong></span> <span class='ocrx_word' id='word_1_198' title='bbox 1283 3998 1325 4052; x_wconf 77' lang='lat' dir='ltr'><strong>ap.</strong></span> <span class='ocrx_word' id='word_1_199' title='bbox 1341 4013 1366 4045; x_wconf 84' lang='lat' dir='ltr'><strong>u.</strong></span> 
     </span>
     <span class='ocr_line' id='line_1_35' title="bbox 423 4061 1365 4121; baseline 0.011 -18"><span class='ocrx_word' id='word_1_200' title='bbox 423 4061 478 4104; x_wconf 76' lang='lat' dir='ltr'><strong>Lot.</strong></span> <span class='ocrx_word' id='word_1_201' title='bbox 505 4063 892 4118; x_wconf 76' lang='lat' dir='ltr'><strong>sas.vartoe=pet,1lpu.uek.</strong></span> <span class='ocrx_word' id='word_1_202' title='bbox 919 4065 965 4108; x_wconf 81' lang='grc'>560.</span> <span class='ocrx_word' id='word_1_203' title='bbox 983 4067 1289 4121; x_wconf 57' lang='lat' dir='ltr'><strong>circumstantum.</strong></span> <span class='ocrx_word' id='word_1_204' title='bbox 1315 4069 1365 4114; x_wconf 81' lang='grc'>565.</span> 
     </span>
     <span class='ocr_line' id='line_1_36' title="bbox 424 4127 1073 4200; baseline 0.011 -29"><span class='ocrx_word' id='word_1_205' title='bbox 424 4131 643 4187; x_wconf 80' lang='lat' dir='ltr'><strong>celsithronus,</strong></span> <span class='ocrx_word' id='word_1_206' title='bbox 659 4132 685 4175; x_wconf 84' lang='lat' dir='ltr'><strong>li.</strong></span> <span class='ocrx_word' id='word_1_207' title='bbox 712 4135 758 4177; x_wconf 77' lang='lat'><strong>566·</strong></span> <span class='ocrx_word' id='word_1_208' title='bbox 773 4131 854 4200; x_wconf 68' lang='lat' dir='ltr'><strong>Quod</strong></span> <span class='ocrx_word' id='word_1_209' title='bbox 869 4137 909 4188; x_wconf 83' lang='lat' dir='ltr'><strong>st,</strong></span> <span class='ocrx_word' id='word_1_210' title='bbox 926 4127 1073 4186; x_wconf 48' lang='lat' dir='ltr'><strong>spumei.</strong></span> 
     </span>
    </p>
   </div>
   <div class='ocr_carea' id='block_1_5' title="bbox 0 0 1544 4892">
    <p class='ocr_par' dir='ltr' id='par_1_13' title="bbox 0 0 1544 4892">
     <span class='ocr_line' id='line_1_37' title="bbox 0 0 1544 4892; baseline 0 0"><span class='ocrx_word' id='word_1_211' title='bbox 0 0 1544 4892; x_wconf 95' lang='lat' dir='ltr'><strong> </strong></span> 
     </span>
    </p>
   </div>
   <div class='ocr_carea' id='block_1_6' title="bbox 397 4710 644 4852">
    <p class='ocr_par' dir='ltr' id='par_1_14' title="bbox 397 4710 644 4852">
     <span class='ocr_line' id='line_1_38' title="bbox 397 4710 644 4852; baseline 0.008 -3"><span class='ocrx_word' id='word_1_212' title='bbox 397 4710 644 4852; x_wconf 59' lang='grc' dir='ltr'><strong><em>Δ</em></strong></span> 
     </span>
    </p>
   </div>
  </div>
 </body>
</html>
