3134 4896
763 469 977 542 ...20-

449 649 642 724 anerentes
665 651 771 714 urbem
792 652 939 714 famosam
960 647 1091 728 denique
1114 643 1225 720 Salem,

448 754 575 817 Necnon
597 753 761 828 Herodem,
784 753 936 816 constanti
956 755 1080 834 pectore
1103 768 1210 830 regem

451 856 621 920 sollicitant
642 857 727 937 regis
748 857 786 918 de
808 857 968 918 nativitate
990 856 1132 928 recentis,

365 957 435 1022 640.
449 958 489 1022 Se
511 960 626 1022 vidisse
646 980 766 1035 novam,
789 962 899 1035 fantes,
921 959 1096 1041 nuperrime
1119 958 1248 1030 stellam,

448 1062 536 1134 Quae
557 1083 664 1143 regem
685 1067 790 1126 natum
812 1065 1037 1125 demonstraret
1059 1062 1252 1124 Judeeorum.

491 1165 549 1228 His
571 1187 630 1228 rex
650 1169 800 1242 turbatus,
824 1169 944 1230 secreta
965 1168 1067 1228 mente
1089 1166 1245 1246 profanus,

450 1261 565 1330 Accitis
588 1270 675 1332 citius
699 1271 807 1332 scribis
830 1270 947 1332 audivit
968 1271 1005 1330 ab
1028 1269 1097 1344 illis,

448 1370 539 1434 Certe
560 1373 698 1436 Bethleis
719 1374 806 1434 nasci
827 1373 908 1453 quod
931 1371 1069 1436 Christus
1092 1372 1123 1432 in
1146 1371 1206 1432 oris

366 1470 436 1536 645.
449 1475 545 1536 Juxta
567 1480 745 1539 cunctorum
767 1477 895 1540 deberet
915 1476 1049 1538 carmine
1070 1480 1184 1536 vatum.

454 1576 577 1641 Scilicet
592 1582 683 1659 atque
705 1580 803 1658 magis
821 1580 914 1659 jussit
936 1599 1005 1640 cum
1027 1579 1135 1640 fraude
1157 1578 1301 1652 remissis,

447 1681 490 1746 Ut
504 1701 633 1762 puerum
647 1686 796 1761 quaerant
810 1685 922 1756 natum,
941 1683 1061 1744 sibimet
1074 1701 1194 1762 quoque
1207 1684 1387 1757 monstrent,

445 1783 554 1855 -Qnem
576 1784 784 1865 cupitoccidi,
807 1786 962 1860 simulans,
985 1805 1019 1846 se
1041 1786 1123 1846 velle
1144 1784 1272 1865 precari.

450 1885 520 1960 Qui,
541 1891 729 1949 monstrante
751 1889 832 1948 viam
853 1889 951 1962 stella,
974 1893 1108 1970 pergunt
1130 1888 1198 1961 cito,
1220 1889 1344 1961 rectam,

367 1985 438 2052 650.
450 1989 573 2051 Intrant
601 1993 632 2052 et
662 1991 750 2071 pueri
770 1992 888 2070 regalia
909 1995 991 2054 tecta
1013 1972 1127 2065 tenelii‚

452 2092 538 2153 Haut
557 2093 643 2154 vcrio
666 2097 749 2154 certe
773 2093 915 2173 digestim
937 2095 1019 2175 picta
1039 2095 1149 2169 colore,

452 2193 569 2256 Sideris
589 2197 732 2276 obsequio
754 2198 833 2260 tanti
855 2198 911 2260 sed
932 2199 991 2260 rite
1014 2197 1116 2279 polite.

364 2327 369 2336 ·
449 2297 542 2359 Proni
563 2299 702 2378 vestigiis
725 2300 856 2380 figentes
880 2302 985 2364 oscula
1006 2301 1111 2382 prolis,
1190 2333 1193 2337 ·

450 2401 582 2463 Orontes
604 2402 746 2482 preculis,
769 2404 874 2466 humili
897 2425 1016 2486 quoque
1038 2423 1113 2465 voce
1136 2402 1278 2484 profusis,

366 2500 437 2566 655.
450 2504 542 2568 Trino
566 2506 731 2567 coelestem
751 2511 940 2570 venerantur
962 2527 1088 2570 munere
1111 2526 1227 2585 regem,

451 2607 543 2670 Hune
565 2609 775 2690 hominemque
797 2611 897 2672 Deum
918 2612 1118 2690 designantes
1140 2609 1327 2670 moriturum.

453 2710 514 2782 Qui
535 2732 615 2786 mox,
638 2713 668 2772 in
691 2713 803 2774 somnis
825 2715 930 2778 moniti
952 2716 1007 2775 sub
1030 2717 1166 2793 tempore
1190 2711 1297 2786 noctis,

448 2813 499 2875 Ad
520 2815 650 2894 petriam
672 2816 746 2876 laeti
767 2816 906 2892 redeunt,
929 2837 985 2898 per
1007 2817 1100 2876 devie
1122 2816 1213 2878 ducti.

491 2916 549 2978 His
571 2917 614 2978 ita
637 2918 773 2997 digestis,
795 2918 946 2994 Herodes,
969 2919 1119 2999 pessimus
1142 2919 1247 2994 hostis,

365 3016 434 3080 660.
445 3019 580 3099 Augusti
598 3022 687 3100 jussu
709 3020 837 3082 Romam
860 3022 1020 3086 deducitur
1043 3041 1126 3100 ergo,

451 3123 519 3194 Quo
540 3123 592 3185 vel
613 3126 770 3204 purgaret,
793 3125 846 3186 lex
868 3127 902 3185 nt
924 3143 1048 3185 romana
1069 3124 1204 3199 doceret,

452 3224 592 3287 Criminis
614 3225 746 3306 inposito
769 3226 807 3288 de
829 3228 932 3308 magni
954 3247 988 3290 ee
1012 3227 1069 3288 cito
1092 3228 1191 3309 culpe,

453 3329 513 3389 Vel
536 3328 642 3408 eapitis
664 3347 794 3410 poenam
811 3331 895 3412 juste
917 3334 1076 3414 pateretur
1098 3349 1247 3408 amaram3

449 3430 589 3512 Namque
611 3451 683 3492 reus
705 3434 874 3514 majestatis
897 3435 1014 3496 dicetur
1037 3435 1140 3498 herilis

366 3529 437 3596 665.
449 3533 490 3598 Et
511 3535 618 3597 merito
642 3536 734 3596 talem
756 3539 872 3616 patitur
889 3539 953 3620 jam
975 3539 1186 3620 suspicionem,

454 3640 515 3712 Qui
538 3639 623 3721 cupit
643 3639 769 3715 insidiis,
793 3641 918 3724 vulpino
941 3641 1033 3704 corde
1054 3643 1179 3723 paratis,

453 3744 576 3808 Prolem
598 3743 740 3806 coelestis
763 3743 897 3806 divinem
918 3744 1048 3826 perdere
1071 3743 1164 3824 regis.

453 3848 522 3909 Hoc
543 3866 614 3910 nam
636 3850 738 3912 divino
761 3851 837 3910 nutu
858 3849 973 3912 iactum
994 3847 1060 3910 iore
1082 3848 1183 3924 credo,

370 4057 548 4067 -u——a

395 4189 568 4244 causatum,
589 4191 715 4245 urspr.,M.
749 4189 796 4234 tti-
820 4189 992 4245 tutoris,M.
1019 4188 1288 4248 oco.Juuio,nnpr.,
1302 4189 1332 4236 M.
