3122 4894
484 467 795 556 ’-ιοο-

538 665 565 728 F
576 669 666 728 ortu
673 685 694 726 n
704 673 770 726 atu
778 685 802 726 s.

154 769 197 832 Et
219 790 274 842 eur
295 771 399 830 manet
411 765 603 830 Galimaehus
626 769 716 848 gravi
737 769 828 830 vultu
846 767 1100 842 modestus,'nee
1115 783 1186 848 per·

155 873 232 934 furit
254 873 343 934 solito
365 892 450 933 more
472 872 504 932 in
526 891 629 933 amore
643 867 849 942 Drusianae?

560 973 778 1036 Johannes

157 1077 247 1151 Quia,
271 1094 289 1137 a
309 1095 444 1158 nequam
464 1077 633 1138 intentione
655 1077 886 1150 transmutatus,
909 1094 985 1137 rere
1008 1076 1056 1136 est
1074 1071 1190 1136 Christi

161 1180 338 1262 discipulus.

540 1264 803 1328 Fortunatus.

158 1351 237 1413 Non.

570 1437 785 1499 Johannea

159 1523 269 1584 Etiana

548 1603 641 1668 Fort
627 1608 743 1667 ttuna
749 1626 801 1667 us.

160 1709 260 1786 situs
283 1709 407 1785 asseris,
428 1709 584 1772 Drusiana
605 1729 654 1770 me
666 1707 706 1790 ιιι)
729 1708 910 1783 suscitavit,
934 1707 1192 1772 ethlimaehus

161 1811 264 1876 Chris
252 1815 283 1875 ο
303 1813 445 1886 eredidit,
456 1811 690 1893 v1temrepud10
710 1813 900 1893 mortemque
915 1813 997 1892 eligo
1020 1817 1138 1898 sponte,
1151 1813 1192 1896 ⁶³)

162 1917 234 1996 quia
255 1916 335 1978 malo
358 1935 419 1976 non
447 1934 525 1988 esse,
548 1933 641 1994 quam
661 1915 694 1975 iu
711 1915 759 1976 his
782 1917 902 1977 tantum
913 1913 953 1998 ⁵⁴)
984 1917 1194 1979 abundantem

161 2020 313 2082 virtutum
335 2018 467 2099 gratiam
489 2018 669 2081 sentiscere.

573 2137 783 2199 Johannes

161 2242 188 2305 0
211 2241 390 2302 admiranda
413 2240 526 2301 diaboli
546 2241 679 2316 invidia,
708 2261 725 2302 ο
747 2243 863 2304 malitia
885 2239 1040 2324 serpentis
1061 2241 1192 2325 antiqui,

165 2347 218 2426 qui
242 2347 273 2405 et
295 2344 492 2426 protoplastis
514 2347 643 2406 mortem
672 2345 887 2426 propinavite
871 2347 902 2406 et
924 2365 1018 2426 super
1035 2347 1190 2426 justorum

164 2448 264 2526 gloria
308 2467 430 2527 semper
471 2448 582 2526 gemit!
629 2447 695 2508 iste
736 2447 964 2508 infelicissimus
997 2447 1195 2510 Fortunatus

163 2550 331 2611 diabolicae
354 2549 566 2610 amaritudinis
588 2549 631 2610 fel
632 2549 662 2611 le
684 2535 889 2630 plenissimus,
912 2553 1107 2630 eomparatur
1128 2569 1192 2612 ma-

163 2653 212 2714 lae
225 2653 334 2727 arbori,
358 2670 479 2712 amaros
501 2652 620 2713 fruetus
642 2652 776 2714 facienti
820 2651 920 2728 Unde,
944 2653 1069 2714 excisus
1092 2672 1110 2715 a
1133 2655 1194 2716 eol-

161 2755 267 2834 legio
256 2759 321 2836 Just
323 2775 410 2817 orum
431 2757 464 2816 et
479 2755 618 2835 abjectus
639 2773 659 2816 a
681 2757 834 2817 consortio
845 2755 945 2818 Deum
957 2757 1138 2833 tumentium,
1153 2757 1194 2838 ω)

164 2859 304 2920 mittatur
326 2859 357 2919 in
380 2857 500 2918 aeterni
520 2858 626 2936 ignem
648 2859 804 2940 supplicii,
834 2860 1019 2922 cruciandus
1049 2861 1116 2924 sine
1138 2861 1193 2924 ali-

167 2962 256 3042 cujus
278 2961 508 3022 intermixtione
530 2961 695 3041 refrigerii.

529 3080 822 3144 Androniehus.

162 3183 262 3260 Eece,
291 3185 544 3264 turgescentibus
574 3187 759 3266 serpentinis
788 3186 955 3266 morsibus,
985 3187 1026 3250 ad
1057 3207 1200 3252 oceasum

166 3307 276 3350 rursus
297 3289 440 3368 vergitur
464 3290 495 3348 et
517 3288 606 3348 eitius
629 3288 710 3349 dieto
731 3290 887 3352 morietur.

574 3403 788 3469 Johannes

164 3509 316 3572 Moriatur
339 3509 439 3590 sitque
461 3509 563 3571 incola
584 3510 755 3590 gehennae,
790 3509 842 3592 qui
864 3514 991 3592 propter
1012 3511 1105 3574 alieni
1125 3511 1202 3575 inri-

169 3614 251 3674 diam
271 3613 430 3694 profectus
452 3613 610 3674 recusavit
631 3613 748 3674 rivere.

536 3732 832 3796 Androniehus.

169 3818 330 3882 Terribile.

536 4051 659 4180 ..gith
648 4065 727 4109 sporn
676 4057 727 4096 anet
749 4053 820 4110 stigo,
844 4053 868 4104 0.
889 4068 912 4098 u.
932 4050 958 4102 S.
984 4053 1144 4112 ttjtnatsur
1162 4055 1204 4098 irs·

611 4128 705 4166 ιιιιιιιιι
725 4125 929 4182 abeundum,
948 4125 994 4182 λιι.
1022 4127 1062 4181 tt)
1080 4127 1204 4170 ιιιιιειιιιιιιιι

959 4245 1000 4310 14
