3122 4894
768 447 1004 514 ...246-

779 623 993 704 Discipuli

378 726 577 791 Gratulamur
598 728 673 788 tuae
692 727 885 807 benignitati,
908 727 965 788 sed
985 730 1140 792 torremur
1163 727 1317 791 sententia
1332 748 1409 811 apo-

377 831 457 907 stoli,
470 830 616 892 dicentis:
638 829 668 892 N
676 849 731 891 am
752 831 882 892 stulta
902 831 1039 892 mundi
1061 832 1190 912 elegit
1209 832 1333 909 Deus,
1363 836 1411 895 ut

379 935 652 998 confunderet
673 935 910 1017 sophistica.

759 1038 1024 1120 Paphnutius.

381 1139 454 1204 Sive
477 1142 603 1216 stultus,
632 1141 699 1202 sive
728 1141 865 1223 sophista
893 1160 1043 1224 perversa
1072 1141 1272 1223 operatur)
1302 1143 1411 1204 confu-
1475 1209 1478 1215 ,

381 1245 497 1308 sionem
518 1262 537 1306 a
557 1245 623 1306 Deo
644 1244 842 1325 moratura)

790 1348 995 1431 Discipuli.

383 1431 442 1495 Ita.

760 1517 1026 1601 Paphnutius.

381 1621 448 1684 Nec
470 1621 598 1684 scientia
620 1621 733 1684 scibilis
743 1623 844 1685 Deum
866 1623 999 1698 offendit,
1022 1621 1078 1684 sed
1101 1621 1250 1704 injustitia
1272 1621 1409 1684 scientis.

789 1726 1005 1809 Discipuli.

382 1811 509 1872 Verum.

758 1899 1028 1980 Paphnutius.

372 1999 426 2078 ⁴Et
454 2000 486 2060 in
519 2001 606 2080 cujus
637 2000 761 2062 laudem
791 2001 914 2081 dignius
940 2002 1116 2084 justiusque
1149 1998 1278 2060 scientia
1299 1999 1414 2060 artium

384 2104 592 2182 retorquetur,
615 2121 707 2183 quam
725 2103 757 2166 in
780 2106 863 2192 ejus,
893 2103 945 2186 qui
967 2102 1076 2166 scibile
1094 2102 1170 2165 fecit
1198 2105 1231 2164 et
1252 2102 1415 2164 scientiam

384 2205 494 2267 dediti
1200 2218 1202 2221 ’

791 2293 1008 2374 Discipuli.

383 2375 422 2438 In
443 2377 567 2438 nullius.

764 2464 1028 2547 Paphnutius

386 2563 509 2637 Quanto
532 2567 613 2628 enim
633 2567 811 2631 mirabiliori
832 2570 904 2648 lege
925 2570 1026 2630 Deum
1048 2565 1149 2628 omnia
1170 2565 1202 2626 in
1230 2585 1356 2628 numero
1381 2566 1415 2626 et

385 2687 531 2730 mensura
554 2672 586 2731 et
606 2671 743 2750 pondere
765 2672 905 2753 posuisse
930 2671 997 2751 quis
1021 2669 1169 2749 agnoscit,
1191 2671 1278 2732 tanto
1291 2667 1322 2728 in
1344 2669 1413 2749 ejus

385 2789 489 2835 amore
512 2772 653 2834 ardescit.

793 2859 1002 2940 Discipuli.

256 2987 260 3000 .
386 2941 454 3003 Nec
476 2941 596 3022 injuria.

771 3026 1031 3108 Paphnutius.

387 3127 451 3191 Sed
473 3127 545 3206 quid
565 3135 668 3190 moror
686 3128 719 3190 in
739 3129 815 3204 istis,
839 3147 918 3209 quae
939 3129 1027 3192 robis
1040 3130 1083 3211 ²⁸)
1101 3130 1257 3192 minimum
1279 3127 1414 3190 afferunt

115 3233 121 3244 '
150 3292 156 3303 ,
255 3251 258 3256 ·
386 3229 622 3290 delectationis?

795 3318 1011 3401 Discipuli.

385 3416 524 3508 Enuolea
546 3419 633 3482 nobis
656 3439 780 3485 causam
801 3421 847 3485 tui
867 3423 1025 3499 moeroris,
1046 3441 1087 3483 ne
1102 3421 1216 3484 diutius
1233 3421 1414 3500 frangamur

386 3522 523 3603 pondere
547 3523 742 3588 curiositatis.

766 3611 1032 3692 Paphnutius.

388 3708 565 3792 Siquando
587 3689 796 3793 experiemini,
817 3733 879 3776 non
902 3711 1136 3775 delectabimini.

794 3814 1005 3896 Discipuli

389 3915 480 3977 Haut
503 3931 574 3977 raro
604 3914 818 3992 contristatur,
857 3917 908 3997 qui
938 3917 1146 3979 curiositatem
1174 3917 1327 3994 sectatur;
1360 3915 1415 3976 sed

413 4087 639 4139 &operantum
653 4083 697 4134 M.;
719 4083 744 4126 P.
759 4082 797 4124 hat
818 4084 841 4123 ln
864 4086 985 4136 operantur
1001 4095 1015 4124 n
1036 4081 1176 4137 gestrleben;
1198 4086 1360 4137 operentur,
1381 4083 1414 4136 c.‚

467 4151 490 4194 S.
504 4167 527 4198 u.
542 4154 587 4209 Mg.
613 4156 651 4209 Ἦ)
667 4155 818 4206 merentur,
833 4151 877 4208 lig.
903 4154 942 4207 28)
958 4151 1058 4205 nobis,
1074 4150 1105 4204 0.,
1121 4149 1144 4195 S.
1159 4163 1183 4195 u.
1198 4151 1244 4204 sig.

490 4512 931 4828 ΥΤ
982 4571 1144 4828 ji
