3080 4892
762 461 1000 568 ἱ308--Ι

453 636 513 703 Sed
534 645 654 723 quiete
675 643 796 703 memini
818 641 985 706 sublimiter
1007 641 1166 706 assimilari

367 763 419 830 55.
452 759 532 826 Nate
552 761 661 825 famosi
683 767 764 844 regis
786 761 884 824 David
907 761 1069 843 Salomoni,

453 882 511 956 Qui
532 886 666 966 geniture
688 902 742 946 rue
764 891 920 963 praesente
938 880 1119 967 jubenteque
1140 893 1243 946 sancte

453 1002 563 1083 Optata
584 1022 706 1087 regnum
729 1007 858 1082 suscepit
878 1022 950 1082 pecc
972 1012 1137 1087 paternum,

454 1123 554 1204 Ipsius
576 1123 706 1203 exempto
728 1131 757 1186 te
779 1132 951 1186 contentum
973 1123 1041 1191 iere
1063 1142 1169 1203 sper03

453 1244 510 1338 Qui
533 1265 598 1308 cum
620 1247 769 1328 regnando
792 1247 935 1306 resideret
956 1249 986 1306 in
1010 1264 1077 1308 arce
1098 1247 1235 1327 superba,

367 1363 419 1431 60.
453 1343 614 1428 Prudenter
632 1365 729 1448 legum
752 1367 880 1428 condens
903 1368 1019 1428 decreta
1041 1386 1190 1430 sacrarum

453 1487 496 1549 Ac
517 1495 674 1567 penetrans
696 1489 796 1550 anime
818 1506 915 1548 rerum
939 1493 1052 1550 recreta
1073 1486 1231 1568 profunde,

451 1605 537 1671 Nunc
559 1607 630 1702 iibet
651 1615 681 1669 et
702 1611 833 1670 minimis
855 1617 982 1670 mentem
1004 1606 1103 1671 laxare
1125 1609 1282 1690 rimandis,

438 1727 510 1790 'Sed
531 1747 585 1818 nee
607 1729 773 1800 condictum
794 1728 910 1792 fastidit
932 1733 990 1794 rite
1012 1730 1135 1792 duemm

451 1819 694 1934 solvere'judicti
717 1849 801 1913 celeri
824 1851 993 1912 discrimine
1014 1853 1096 1934 recti,

365 1968 417 2039 65.
452 1939 570 2036 Prulem
592 1974 710 2032 restitui
732 1989 818 2034 verae
840 1973 985 2033 mandans
1007 1974 1151 2053 genitrici.

448 2059 528 2154 Hine
548 2060 671 2170 supplex
692 2098 721 2152 tc
742 2109 833 2170 posce
856 2086 973 2174 quidem
996 2102 1128 2154 nestrum
1151 2090 1356 2170 Salomonem3

447 2209 486 2274 Et
508 2211 575 2274 lieet
597 2214 715 2298 imperii
738 2215 865 2274 tenearis
888 2212 1066 2276 sollicitandi

450 2331 538 2411 Cura,
561 2334 691 2416 digneris
714 2341 812 2396 tamen
835 2342 865 2396 et
885 2339 1023 2413 prepriae
1044 2333 1182 2397 monialis

446 2452 590 2530 Ludeudo
612 2458 722 2518 seriem
744 2474 822 2518 nunc
843 2453 974 2518 lectitare
995 2463 1151 2534 recentem,

363 2571 417 2642 ⁷0.
451 2574 515 2648 Quo
537 2575 614 2638 male
636 2580 809 2654 cumpositis
832 2578 930 2638 verbis
951 2595 1020 2638 mex
1042 2578 1158 2640 decidet
1180 2579 1278 2640 omnis

448 2695 620 2778 Rusticum,
643 2700 704 2760 cris
726 2698 905 2762 detractibus
927 2696 1099 2779 imperialis,

446 2813 583 2880 Nominis
607 2826 636 2879 et
655 2817 740 2882 titulo
761 2822 880 2900 signata
903 2821 946 2880 tui
968 2820 1136 2882 venerande

445 2937 609 3018 Despectus
631 2942 724 3002 nimia
745 2943 843 3002 meriti
865 2946 1001 3002 tueantur
1022 2940 1060 3002 ab
1083 2959 1164 3005 aura.

359 3093 540 3106 —p———-

385 3172 419 3217 ei.
435 3173 551 3226 juditii,
564 3173 604 3228 Me
612 3173 636 3216 P.
645 3187 667 3219 u.
676 3174 736 3226 Pera
750 3179 813 3216 senet
821 3160 905 3218 beiden
916 3177 1057 3220 Cediiberaii
1063 3177 1180 3228 judicium.
1194 3179 1232 3234 69)
1246 3178 1391 3233 burgando,

438 3241 469 3286 M.
484 3242 566 3299 u.1².;‘
582 3241 812 3299 Transcurrens,
833 3246 866 3301 C„
885 3245 908 3288 S.
924 3261 945 3288 u.
961 3247 985 3288 tt.
1013 3249 1046 3292 it.
1061 3247 1088 3288 de
1109 3247 1229 3302 tractibus,
1244 3247 1276 3302 0.,
1290 3248 1314 3291 S.
1329 3262 1344 3290 u
1367 3248 1390 3290 R.

343 4533 567 4852 A)
735 4334 1106 4852 lb
