3080 4892
774 525 828 570 ,-
869 486 934 557 292
976 527 1020 541 -—

789 663 1010 747 Sapientia.

387 757 585 843 Confertara,
607 764 686 843 filia,
708 751 873 849 percussor
894 770 1014 832 invadit
1035 791 1091 833 nos
1113 774 1279 855 evaginato
1300 777 1416 856 gladio.

851 873 961 956 Spes

385 967 499 1032 Libens
522 973 643 1056 excipio
665 975 809 1054 gladium.
854 977 917 1052 Tu,
948 977 1082 1055 Christe,
1111 981 1233 1064 suscipe
1262 983 1415 1064 spiritum,

387 1091 444 1154 pro
466 1075 512 1135 tui
534 1078 726 1140 confessione
748 1080 878 1141 nominis
891 1083 1023 1162 ejectum
1035 1082 1073 1144 de
1085 1083 1259 1148 habitaculo
1271 1089 1418 1168 corporis.

772 1182 1013 1266 ¹Sapientia.

388 1279 414 1342 0
439 1277 568 1360 Caritas,
590 1286 711 1346 soboles
732 1287 858 1369 inclyta,
881 1308 952 1369 spes
974 1287 1056 1350 uteri
1077 1290 1138 1352 mei
1159 1292 1259 1369 unica,
1280 1313 1321 1354 ne
1345 1313 1418 1355 ecn-

388 1385 494 1447 tristes
523 1389 653 1448 matram
682 1381 807 1464 bonam,
842 1391 886 1451 tui
919 1393 1094 1454 certaminis
1128 1399 1421 1459 consummationem

389 1493 613 1571 expectantem,
644 1492 700 1553 sed
730 1513 842 1575 sperne
869 1513 1019 1576 praesens
1048 1497 1140 1574 utile,
1170 1519 1230 1579 quo
1252 1501 1420 1582 pervenias

389 1593 428 1653 ad
450 1595 596 1673 gaudium
617 1595 852 1673 interminabile,
882 1618 941 1679 quc
968 1599 1014 1661 tui
1035 1597 1204 1682 germanae
1224 1603 1349 1684 fulgent
1370 1624 1421 1666 oo-

387 1699 472 1762 ronis
493 1700 629 1762 illibatae
650 1700 846 1781 virginitatis,

824 1803 990 1869 Caritas.

388 1907 478 1970 Fului
499 1929 557 1984 me,
577 1912 686 1986 mater,
708 1910 852 1992 precibus
875 1911 980 1986 sacris,
1010 1911 1154 1991 quatinus
1176 1931 1299 1973 merear
1321 1913 1418 1976 inter-

391 2032 460 2073 esse
483 2013 606 2074 illarum
616 2012 658 2094 ⁴⁹)
680 2013 809 2094 gaudiis.

794 2116 1013 2198 Sapientia.

388 2217 494 2281 Exoro
517 2221 548 2282 te
570 2219 733 2298 finetenus,
752 2221 784 2282 in
806 2221 868 2282 fide
890 2222 1054 2284 solidatum
1075 2222 1122 2298 iri,
1146 2241 1205 2284 nec
1228 2222 1343 2300 dubito,
1366 2225 1423 2288 tibi

389 2342 528 2405 perenne
551 2325 719 2407 tripudium
741 2299 888 2388 duriatum
910 2325 955 2386 iri.

783 2429 1028 2491 Hadrianus,

392 2526 522 2609 Caritas,
550 2536 707 2614 saturatus
736 2533 881 2596 conviciis
909 2532 954 2592 tui
975 2551 1116 2594 sororum
1136 2531 1323 2615 nimiumque
1346 2553 1421 2597 exa-

392 2638 536 2699 cerbatus
558 2657 626 2700 sum
645 2624 767 2721 prolixa
787 2636 907 2700 ratione
919 2636 958 2717 ⁵⁰)
982 2654 1103 2712 earum3
1132 2635 1213 2696 undo
1243 2636 1296 2698 diu
1318 2641 1422 2700 tecum

390 2761 452 2804 uon
475 2741 642 2817 contendo,
672 2741 729 2802 aad
757 2742 810 2802 vel
839 2741 1102 2820 obtemperantem
1130 2739 1192 2800 mei
1213 2741 1295 2802 votis
1318 2741 1423 2804 ditabo

391 2844 532 2906 omnibus
552 2844 649 2921 bonis,
671 2844 724 2906 vel
746 2844 1023 2907 contraluctantem
1044 2843 1177 2903 afficiam
1198 2843 1297 2904 malis.

822 2945 991 3009 Caritas.
1104 2977 1106 3001 ι

390 3051 512 3124 Bonum
533 3051 718 3114 cordetenus
739 3051 908 3131 amplector
931 3054 963 3112 et
983 3048 1097 3110 malum
1124 3048 1245 3111 omniuo
1275 3049 1423 3114 detestor.

775 3151 1015 3215 Hadrianus.

391 3256 461 3320 Hoc
482 3257 536 3320 tibi
556 3256 748 3339 potissimum
770 3258 894 3318 salubre
916 3257 1052 3337 mihique
1083 3258 1132 3317 est
1153 3256 1314 3337 placabile,
1340 3255 1423 3320 ideo-

392 3381 452 3444 que
474 3361 546 3423 leve
568 3361 713 3442 quiddam
733 3361 790 3424 tibi
810 3379 967 3442 praepono
989 3378 1078 3421 meaa
1099 3360 1224 3442 pietatis
1246 3360 1359 3441 gratia.

825 3462 996 3528 Caritas.

139 3577 144 3588 ·
260 3530 262 3536 ’
391 3551 581 3624 cuer..

782 3635 1025 3698 Hadrianus.

389 3741 448 3804 Dio
468 3743 605 3804 tantum:
627 3739 688 3801 Ma
696 3758 774 3820 gna
794 3739 932 3802 Diana1
955 3747 987 3803 et
1009 3758 1068 3820 ogo
1089 3739 1173 3802 ultra
1195 3738 1236 3801 ad
1246 3739 1422 3802 sacrifican-

391 3846 465 3928 dum
482 3847 518 3924 te
539 3864 602 3908 uon
622 3845 780 3927 compello.

824 3945 994 4010 Caritas.

389 4032 538 4098 Peroerte
559 4054 621 4097 non
644 4033 719 4097 dico.

389 4172 570 4186 *¹—

394 4193 455 4276 99)
469 4219 589 4265 ollarum
610 4168 750 4276 gaudilusc.
772 4231 795 4267 u.
816 4219 841 4264 S.
865 4221 904 4276 50)
924 4220 1012 4276 prolixa
1032 4218 1180 4274 oratione,
1200 4217 1224 4264 8.
