3134 4896
773 441 989 513 -90-
1115 483 1123 530 ,

460 625 560 703 „Hinc
576 625 698 690 inferna
715 625 834 704 petens,
847 620 932 683 erebi
947 641 1067 702 qnoque
1082 619 1217 681 claustra
1229 616 1400 692 resolvens,

359 729 445 793 alo.
460 731 612 807 „Mortem
633 727 796 799 destruxit,
818 725 924 786 mortis
946 730 1127 806 patremque
1149 721 1266 800 ligavit,

333 908 336 914 ‚
460 833 692 910 „Tartareoque
714 849 786 890 suos
809 829 906 889 traxit
927 829 966 888 de
990 846 1115 888 carcere
1134 826 1244 905 justos,

464 934 531 1010 „Ao
553 934 606 1007 sic,
629 952 691 994 non
712 949 820 1012 parve,
840 931 949 1003 victor,
972 932 1134 992 comitante
1158 930 1293 1000 caterva,

459 1037 530 1112 „Ad
551 1055 680 1116 superos
701 1034 800 1106 rediit,
823 1034 979 1115 proprium
1002 1051 1173 1112 corpusque
1195 1029 1331 1103 resumit,

460 1138 569 1214 „Quod
592 1138 649 1198 luit
670 1137 702 1197 in
722 1138 812 1196 busto
836 1136 973 1197 clausum
995 1138 1052 1196 sub
1074 1153 1225 1194 marmore
1248 1150 1380 1220 magno,

375 1238 446 1303 320.
462 1240 588 1316 „Tertia
609 1260 700 1320 quem
721 1239 827 1300 rivum
848 1239 925 1300 vidit
948 1241 1005 1300 lux
1027 1258 1115 1299 omne
1137 1257 1194 1318 per
1215 1253 1331 1295 aevum

462 1343 690 1427 „Disqipulique
713 1341 761 1401 sui
785 1343 893 1402 crebro
915 1342 1024 1404 videre
1045 1341 1137 1412 beati,

460 1445 588 1526 „Ipsum
610 1465 669 1506 non
692 1446 937 1517 convescentem,
959 1465 1042 1506 nunc
1064 1463 1140 1522 ergo
1161 1443 1339 1522 loquentem

461 1547 547 1624 „Illis
571 1548 609 1608 de
632 1566 730 1626 regno
753 1547 834 1608 dulci
858 1567 999 1609 sermone
1021 1548 1141 1622 futur03

460 1649 555 1726 „Post
577 1650 662 1722 haec,
685 1650 820 1710 attonitis
843 1650 940 1710 oculis
961 1651 1157 1710 cernentibus
1179 1647 1263 1728 ipsis,

376 1749 600 1832 325.„1psam‚
623 1769 713 1830 quam
735 1754 877 1832 sumpsit,
902 1770 1026 1812 carnem
1048 1771 1142 1832 super
1164 1755 1249 1810 estre
1269 1747 1404 1820 libravit,
1453 1790 1457 1796 -

460 1853 518 1929 „In
541 1871 600 1932 qua
620 1853 769 1933 judicium
792 1855 898 1916 veniet
920 1856 1078 1915 celebrare
1101 1855 1237 1914 futurum

463 1955 606 2035 „Proque
627 1956 691 2016 suis
719 1958 839 2019 meritis
867 1959 979 2019 reddet
999 1961 1079 2020 bone
1100 1958 1152 2017 vel
1178 1956 1258 2018 male
1279 1951 1406 2014 cunctis.

460 2057 568 2134 „Haec
587 2057 632 2118 ita
652 2059 831 2120 credentem
853 2061 1015 2140 cordisque
1038 2062 1099 2122 fide
1121 2061 1313 2122 retinentem

462 2160 585 2240 „Atque
607 2161 652 2222 tui
674 2162 892 2242 deposcentem
915 2163 1035 2225 solitam
1056 2164 1212 2244 pietatem,

376 2260 448 2326 330.
462 2261 667 2338 „Commendo
689 2284 747 2339 me,
771 2265 879 2344 Virgo,
902 2268 963 2340 tuo,
987 2267 1187 2339 sanctissime,
1210 2267 1282 2326 nato

464 2366 681 2448 „impetraque
702 2369 755 2428 tuo
777 2369 900 2429 reniam
922 2369 1035 2431 famulo
1058 2370 1239 2429 sceleroso.“

505 2469 594 2532 Haec
614 2470 667 2532 ubi
689 2471 839 2532 continuis
862 2471 989 2532 deflevit
1009 2473 1107 2533 verba
1130 2469 1274 2550 querelis,

466 2571 580 2640 Sancta
600 2573 658 2633 Dei
680 2575 818 2651 genitrix
840 2575 1008 2654 eademque
1030 2577 1141 2654 potens
1164 2571 1349 2633 dominatrix

465 2673 636 2749 Coelorum,
658 2677 763 2736 verbis
785 2677 986 2758 respondens,
1009 2677 1124 2756 inquit,
1145 2675 1268 2736 amicis:

377 2774 449 2840 335.
466 2778 616 2858 „Propter
637 2781 818 2859 mysterium
840 2779 920 2840 sacri
941 2779 1132 2860 baptismatis
1156 2779 1269 2838 almum

464 2879 525 2958 „Et
546 2885 673 2961 propter
698 2881 819 2943 dulcem
841 2901 931 2942 carae
953 2883 1010 2942 mis
1032 2881 1126 2962 prolis
1149 2899 1292 2954 amorem,

462 2981 577 3063 „Cujus
600 2986 631 3043 te
653 2984 752 3064 pretio
775 2985 856 3046 sacri
878 2985 941 3045 scio
963 2984 1123 3062 sanguinis
1147 2983 1247 3062 empto

461 3085 635 3166 „Emptum
657 3088 846 3166 promendo
869 3087 922 3166 qui
943 3088 1032 3147 fusus
1055 3089 1123 3147 erat
1143 3085 1292 3166 perituro,

464 3188 659 3264 „Procedens
683 3189 779 3248 sacris
801 3189 950 3250 advolvor
972 3189 1081 3250 sedulo
1103 3189 1216 3270 plantis

378 3285 449 3350 340.
466 3289 571 3369 „Ejus
594 3309 685 3368 quem
707 3291 808 3368 genui,
833 3295 1012 3354 cunctorum
1030 3292 1143 3373 judicis
1165 3291 1264 3370 aequi,

463 3390 550 3467 „Neo
570 3410 696 3472 parcam
717 3395 861 3474 preculis,
883 3396 985 3456 studio
1008 3399 1147 3458 certante
1169 3393 1312 3475 profusis,

462 3495 588 3571 „Donec
609 3495 705 3576 ipsius
727 3497 831 3558 mitem
853 3517 930 3576 cogo
953 3499 1107 3580 pietatem,

465 3597 545 3674 „Ubi
566 3599 620 3660 tibi
642 3599 796 3680 parcendo
820 3599 952 3662 dimittet
972 3605 1058 3660 tante
1080 3601 1208 3680 piacla.“

466 3701 524 3762 His
546 3702 644 3776 dictis,
667 3701 767 3764 subito
791 3702 931 3762 discessit
951 3702 1042 3780 virgo
1063 3706 1194 3778 socrate,

380 3799 451 3864 345.
468 3802 561 3872 Quod
582 3803 745 3883 suscepisti
767 3803 921 3864 credentis
943 3823 1028 3864 more
1050 3806 1173 3886 popelli,

467 3902 626 3984 Linquere
647 3906 774 3987 promisi
795 3905 906 3966 misero
929 3907 1076 3967 solamina
1098 3909 1173 3969 sani.

405 4071 534 4123 all-Aeni,
551 4069 574 4112 5.
599 4071 849 4126 3’ἔ5.οκῐωυιιιψετ,
863 4072 902 4117 S...
919 4073 1155 4132 mcum-do,
1169 4073 1310 4120 0-1.S.³³d.
1327 4086 1408 4134 prop

458 4139 624 4194 tertuum,
642 4139 665 4184 S.
693 4140 909 4198 ato.pronrnr,
932 4141 986 4188 c.n
1007 4141 1030 4187 S.
