<?xml version="1.0" encoding="UTF-8"?>
<!DOCTYPE html PUBLIC "-//W3C//DTD XHTML 1.0 Transitional//EN"
    "http://www.w3.org/TR/xhtml1/DTD/xhtml1-transitional.dtd">
<html xmlns="http://www.w3.org/1999/xhtml" xml:lang="en" lang="en">
 <head>
  <title>
</title>
<meta http-equiv="Content-Type" content="text/html;charset=utf-8" />
  <meta name='ocr-system' content='tesseract 3.04.00' />
  <meta name='ocr-capabilities' content='ocr_page ocr_carea ocr_par ocr_line ocrx_word'/>
</head>
<body>
  <div class='ocr_page' id='page_1' title='image "./diewerkederhrot00hrotgoog_0211.png"; bbox 0 0 3144 4888; ppageno 0'>
   <div class='ocr_carea' id='block_1_1' title="bbox 729 495 968 565">
    <p class='ocr_par' dir='ltr' id='par_1_1' title="bbox 729 495 968 565">
     <span class='ocr_line' id='line_1_1' title="bbox 729 495 968 565; baseline -0.004 0"><span class='ocrx_word' id='word_1_1' title='bbox 729 495 968 565; x_wconf 77' lang='lat'><strong>-132-</strong></span> 
     </span>
    </p>
   </div>
   <div class='ocr_carea' id='block_1_2' title="bbox 339 671 1304 3106">
    <p class='ocr_par' dir='ltr' id='par_1_2' title="bbox 339 671 1304 3106">
     <span class='ocr_line' id='line_1_2' title="bbox 425 671 1187 754; baseline 0.003 -18"><span class='ocrx_word' id='word_1_2' title='bbox 425 671 488 736; x_wconf 84' lang='lat' dir='ltr'>Sed</span> <span class='ocrx_word' id='word_1_3' title='bbox 509 676 566 736; x_wconf 91' lang='lat' dir='ltr'>sub</span> <span class='ocrx_word' id='word_1_4' title='bbox 587 674 745 736; x_wconf 72' lang='lat' dir='ltr'><strong>nocturnis</strong></span> <span class='ocrx_word' id='word_1_5' title='bbox 767 677 874 735; x_wconf 87' lang='lat' dir='ltr'>servat</span> <span class='ocrx_word' id='word_1_6' title='bbox 894 675 1073 754; x_wconf 87' lang='lat' dir='ltr'>vigilantius</span> <span class='ocrx_word' id='word_1_7' title='bbox 1095 676 1187 740; x_wconf 86' lang='lat' dir='ltr'>horis.</span> 
     </span>
     <span class='ocr_line' id='line_1_3' title="bbox 423 777 1204 860; baseline 0.001 -21"><span class='ocrx_word' id='word_1_8' title='bbox 423 778 474 852; x_wconf 86' lang='lat' dir='ltr'>At,</span> <span class='ocrx_word' id='word_1_9' title='bbox 497 777 570 838; x_wconf 92' lang='lat' dir='ltr'>dum</span> <span class='ocrx_word' id='word_1_10' title='bbox 591 777 759 858; x_wconf 81' lang='lat' dir='ltr'>pervigiles</span> <span class='ocrx_word' id='word_1_11' title='bbox 782 781 929 838; x_wconf 88' lang='lat' dir='ltr'>consueto</span> <span class='ocrx_word' id='word_1_12' title='bbox 952 798 1036 838; x_wconf 87' lang='lat' dir='ltr'>more</span> <span class='ocrx_word' id='word_1_13' title='bbox 1058 783 1204 860; x_wconf 87' lang='lat' dir='ltr'>parentes</span> 
     </span>
     <span class='ocr_line' id='line_1_4' title="bbox 424 879 1142 960; baseline 0.003 -20"><span class='ocrx_word' id='word_1_14' title='bbox 424 879 583 940; x_wconf 86' lang='lat' dir='ltr'>Excubias</span> <span class='ocrx_word' id='word_1_15' title='bbox 604 880 684 960; x_wconf 92' lang='lat' dir='ltr'>proli</span> <span class='ocrx_word' id='word_1_16' title='bbox 706 881 904 940; x_wconf 75' lang='lat' dir='ltr'>celebrabant</span> <span class='ocrx_word' id='word_1_17' title='bbox 925 885 1027 942; x_wconf 87' lang='lat' dir='ltr'>mente</span> <span class='ocrx_word' id='word_1_18' title='bbox 1049 883 1142 957; x_wconf 84' lang='lat' dir='ltr'>fideli,</span> 
     </span>
     <span class='ocr_line' id='line_1_5' title="bbox 426 980 1149 1062; baseline 0.004 -20"><span class='ocrx_word' id='word_1_19' title='bbox 426 980 562 1043; x_wconf 75' lang='lat' dir='ltr'>coelitus</span> <span class='ocrx_word' id='word_1_20' title='bbox 584 983 634 1042; x_wconf 90' lang='lat' dir='ltr'>his</span> <span class='ocrx_word' id='word_1_21' title='bbox 656 982 730 1062; x_wconf 90' lang='lat' dir='ltr'>ipsis</span> <span class='ocrx_word' id='word_1_22' title='bbox 752 985 941 1044; x_wconf 90' lang='lat' dir='ltr'>monstratur</span> <span class='ocrx_word' id='word_1_23' title='bbox 962 985 1039 1044; x_wconf 83' lang='lat' dir='ltr'>risio</span> <span class='ocrx_word' id='word_1_24' title='bbox 1063 985 1149 1045; x_wconf 84' lang='lat' dir='ltr'>talis:</span> 
     </span>
     <span class='ocr_line' id='line_1_6' title="bbox 339 1082 1222 1164; baseline 0.002 -17"><span class='ocrx_word' id='word_1_25' title='bbox 339 1082 412 1147; x_wconf 88' lang='grc'>440.</span> <span class='ocrx_word' id='word_1_26' title='bbox 427 1085 567 1164; x_wconf 87' lang='lat' dir='ltr'>Denique</span> <span class='ocrx_word' id='word_1_27' title='bbox 589 1085 749 1163; x_wconf 83' lang='lat' dir='ltr'>virgineas</span> <span class='ocrx_word' id='word_1_28' title='bbox 771 1085 871 1145; x_wconf 89' lang='lat' dir='ltr'>subito</span> <span class='ocrx_word' id='word_1_29' title='bbox 894 1085 1083 1146; x_wconf 81' lang='lat' dir='ltr'>descendere</span> <span class='ocrx_word' id='word_1_30' title='bbox 1105 1091 1222 1149; x_wconf 90' lang='lat' dir='ltr'>turmas</span> 
     </span>
     <span class='ocr_line' id='line_1_7' title="bbox 426 1187 1150 1267; baseline 0.003 -19"><span class='ocrx_word' id='word_1_31' title='bbox 426 1187 589 1262; x_wconf 80' lang='lat' dir='ltr'>Viderunt,</span> <span class='ocrx_word' id='word_1_32' title='bbox 611 1188 715 1267; x_wconf 91' lang='lat' dir='ltr'>lapsas</span> <span class='ocrx_word' id='word_1_33' title='bbox 738 1188 833 1247; x_wconf 89' lang='lat' dir='ltr'>celeri</span> <span class='ocrx_word' id='word_1_34' title='bbox 854 1187 892 1247; x_wconf 88' lang='lat' dir='ltr'>de</span> <span class='ocrx_word' id='word_1_35' title='bbox 916 1189 1040 1248; x_wconf 89' lang='lat' dir='ltr'>cardine</span> <span class='ocrx_word' id='word_1_36' title='bbox 1064 1191 1150 1264; x_wconf 88' lang='lat' dir='ltr'>coeli,</span> 
     </span>
     <span class='ocr_line' id='line_1_8' title="bbox 427 1289 1200 1370; baseline 0.003 -20"><span class='ocrx_word' id='word_1_37' title='bbox 427 1289 561 1351; x_wconf 78' lang='lat' dir='ltr'><strong>Ornatas</strong></span> <span class='ocrx_word' id='word_1_38' title='bbox 583 1290 721 1369; x_wconf 78' lang='lat' dir='ltr'>pulchre,</span> <span class='ocrx_word' id='word_1_39' title='bbox 743 1289 834 1368; x_wconf 89' lang='lat' dir='ltr'>pleno</span> <span class='ocrx_word' id='word_1_40' title='bbox 858 1294 1056 1370; x_wconf 72' lang='lat' dir='ltr'>comptasque</span> <span class='ocrx_word' id='word_1_41' title='bbox 1079 1293 1200 1366; x_wconf 83' lang='lat' dir='ltr'>decore,</span> 
     </span>
     <span class='ocr_line' id='line_1_9' title="bbox 425 1390 1244 1472; baseline 0.004 -21"><span class='ocrx_word' id='word_1_42' title='bbox 425 1391 513 1452; x_wconf 89' lang='lat' dir='ltr'>Inter</span> <span class='ocrx_word' id='word_1_43' title='bbox 535 1409 612 1470; x_wconf 92' lang='lat' dir='ltr'>quas</span> <span class='ocrx_word' id='word_1_44' title='bbox 634 1390 766 1469; x_wconf 68' lang='lat' dir='ltr'>lignem,</span> <span class='ocrx_word' id='word_1_45' title='bbox 789 1391 879 1451; x_wconf 81' lang='lat' dir='ltr'>simili</span> <span class='ocrx_word' id='word_1_46' title='bbox 901 1393 1065 1472; x_wconf 87' lang='lat' dir='ltr'>splendore</span> <span class='ocrx_word' id='word_1_47' title='bbox 1087 1395 1244 1468; x_wconf 86' lang='lat' dir='ltr'>nitentem,</span> 
     </span>
     <span class='ocr_line' id='line_1_10' title="bbox 429 1491 1232 1576; baseline 0.001 -20"><span class='ocrx_word' id='word_1_48' title='bbox 429 1493 630 1574; x_wconf 84' lang='lat' dir='ltr'>Conspexere</span> <span class='ocrx_word' id='word_1_49' title='bbox 653 1511 749 1567; x_wconf 82' lang='lat' dir='ltr'>snam,</span> <span class='ocrx_word' id='word_1_50' title='bbox 771 1513 827 1573; x_wconf 90' lang='lat' dir='ltr'>pro</span> <span class='ocrx_word' id='word_1_51' title='bbox 850 1491 972 1555; x_wconf 82' lang='lat' dir='ltr'>Christo</span> <span class='ocrx_word' id='word_1_52' title='bbox 994 1497 1232 1576; x_wconf 75' lang='lat' dir='ltr'>martyrisatam.</span> 
     </span>
     <span class='ocr_line' id='line_1_11' title="bbox 342 1593 1223 1676; baseline 0 -18"><span class='ocrx_word' id='word_1_53' title='bbox 342 1593 458 1658; x_wconf 82' lang='grc' dir='ltr'>445.Α</span> <span class='ocrx_word' id='word_1_54' title='bbox 481 1597 600 1657; x_wconf 85' lang='lat' dir='ltr'>dextris</span> <span class='ocrx_word' id='word_1_55' title='bbox 622 1597 710 1676; x_wconf 89' lang='lat' dir='ltr'>cujus</span> <span class='ocrx_word' id='word_1_56' title='bbox 732 1596 805 1656; x_wconf 87' lang='lat' dir='ltr'>nive</span> <span class='ocrx_word' id='word_1_57' title='bbox 828 1596 985 1656; x_wconf 83' lang='lat' dir='ltr'>candidior</span> <span class='ocrx_word' id='word_1_58' title='bbox 1007 1599 1093 1658; x_wconf 87' lang='lat' dir='ltr'>stetit</span> <span class='ocrx_word' id='word_1_59' title='bbox 1115 1617 1223 1676; x_wconf 85' lang='lat' dir='ltr'>agnus.</span> 
     </span>
     <span class='ocr_line' id='line_1_12' title="bbox 429 1699 1156 1777; baseline 0 -17"><span class='ocrx_word' id='word_1_60' title='bbox 429 1701 514 1770; x_wconf 82' lang='lat' dir='ltr'>Quos</span> <span class='ocrx_word' id='word_1_61' title='bbox 536 1700 644 1760; x_wconf 89' lang='lat' dir='ltr'>merito</span> <span class='ocrx_word' id='word_1_62' title='bbox 666 1699 738 1759; x_wconf 90' lang='lat' dir='ltr'>fidei</span> <span class='ocrx_word' id='word_1_63' title='bbox 759 1699 849 1759; x_wconf 85' lang='lat' dir='ltr'>scivit</span> <span class='ocrx_word' id='word_1_64' title='bbox 872 1699 982 1777; x_wconf 80' lang='lat' dir='ltr'>dignos</span> <span class='ocrx_word' id='word_1_65' title='bbox 1003 1701 1156 1776; x_wconf 81' lang='lat' dir='ltr'>venerari,</span> 
     </span>
     <span class='ocr_line' id='line_1_13' title="bbox 428 1801 1086 1881; baseline -0.002 -18"><span class='ocrx_word' id='word_1_66' title='bbox 428 1803 547 1864; x_wconf 83' lang='lat' dir='ltr'>Blande</span> <span class='ocrx_word' id='word_1_67' title='bbox 571 1801 728 1881; x_wconf 92' lang='lat' dir='ltr'>colloquiis</span> <span class='ocrx_word' id='word_1_68' title='bbox 750 1802 819 1861; x_wconf 91' lang='lat' dir='ltr'>illos</span> <span class='ocrx_word' id='word_1_69' title='bbox 840 1801 951 1862; x_wconf 88' lang='lat' dir='ltr'>affatur</span> <span class='ocrx_word' id='word_1_70' title='bbox 973 1802 1086 1877; x_wconf 89' lang='lat' dir='ltr'>amicis,</span> 
     </span>
     <span class='ocr_line' id='line_1_14' title="bbox 427 1903 1304 1984; baseline 0 -19"><span class='ocrx_word' id='word_1_71' title='bbox 427 1906 557 1966; x_wconf 90' lang='lat' dir='ltr'>Dicens:</span> <span class='ocrx_word' id='word_1_72' title='bbox 580 1904 735 1982; x_wconf 81' lang='lat' dir='ltr'>„gaudete</span> <span class='ocrx_word' id='word_1_73' title='bbox 756 1923 876 1963; x_wconf 88' lang='lat' dir='ltr'>mecum</span> <span class='ocrx_word' id='word_1_74' title='bbox 898 1903 1083 1982; x_wconf 78' lang='lat' dir='ltr'>gratulando</span> <span class='ocrx_word' id='word_1_75' title='bbox 1105 1924 1161 1984; x_wconf 88' lang='lat' dir='ltr'>per</span> <span class='ocrx_word' id='word_1_76' title='bbox 1184 1921 1304 1981; x_wconf 87' lang='lat' dir='ltr'>aevum,</span> 
     </span>
     <span class='ocr_line' id='line_1_15' title="bbox 430 2006 1180 2085; baseline -0.001 -18"><span class='ocrx_word' id='word_1_77' title='bbox 430 2007 525 2083; x_wconf 83' lang='lat' dir='ltr'>„Sum</span> <span class='ocrx_word' id='word_1_78' title='bbox 547 2007 618 2085; x_wconf 90' lang='lat' dir='ltr'>quia</span> <span class='ocrx_word' id='word_1_79' title='bbox 639 2006 763 2066; x_wconf 90' lang='lat' dir='ltr'>luciflua</span> <span class='ocrx_word' id='word_1_80' title='bbox 784 2006 869 2084; x_wconf 82' lang='lat' dir='ltr'>regis</span> <span class='ocrx_word' id='word_1_81' title='bbox 890 2006 1033 2066; x_wconf 89' lang='lat' dir='ltr'>coelestis</span> <span class='ocrx_word' id='word_1_82' title='bbox 1054 2006 1086 2066; x_wconf 90' lang='lat' dir='ltr'>in</span> <span class='ocrx_word' id='word_1_83' title='bbox 1109 2007 1180 2067; x_wconf 89' lang='lat' dir='ltr'>aula</span> 
     </span>
     <span class='ocr_line' id='line_1_16' title="bbox 343 2106 1187 2188; baseline -0.001 -18"><span class='ocrx_word' id='word_1_84' title='bbox 343 2106 415 2171; x_wconf 83' lang='lat'>450.</span> <span class='ocrx_word' id='word_1_85' title='bbox 429 2109 630 2188; x_wconf 82' lang='lat' dir='ltr'>„Virginibus</span> <span class='ocrx_word' id='word_1_86' title='bbox 653 2108 750 2168; x_wconf 89' lang='lat' dir='ltr'>sacris</span> <span class='ocrx_word' id='word_1_87' title='bbox 772 2108 888 2168; x_wconf 86' lang='lat' dir='ltr'>sociata</span> <span class='ocrx_word' id='word_1_88' title='bbox 910 2108 1089 2188; x_wconf 90' lang='lat' dir='ltr'>perenniter</span> <span class='ocrx_word' id='word_1_89' title='bbox 1111 2109 1187 2169; x_wconf 88' lang='lat' dir='ltr'>istis.</span> 
     </span>
     <span class='ocr_line' id='line_1_17' title="bbox 430 2210 1157 2290; baseline -0.001 -18"><span class='ocrx_word' id='word_1_90' title='bbox 430 2211 491 2287; x_wconf 85' lang='lat' dir='ltr'>„Et</span> <span class='ocrx_word' id='word_1_91' title='bbox 512 2230 594 2271; x_wconf 92' lang='lat' dir='ltr'>nunc</span> <span class='ocrx_word' id='word_1_92' title='bbox 617 2211 648 2270; x_wconf 89' lang='lat' dir='ltr'>in</span> <span class='ocrx_word' id='word_1_93' title='bbox 671 2211 764 2272; x_wconf 90' lang='lat' dir='ltr'>coelis</span> <span class='ocrx_word' id='word_1_94' title='bbox 786 2210 831 2269; x_wconf 92' lang='lat' dir='ltr'>illi</span> <span class='ocrx_word' id='word_1_95' title='bbox 853 2212 1024 2290; x_wconf 82' lang='lat' dir='ltr'>conjungor</span> <span class='ocrx_word' id='word_1_96' title='bbox 1046 2211 1157 2271; x_wconf 88' lang='lat' dir='ltr'>amoris</span> 
     </span>
     <span class='ocr_line' id='line_1_18' title="bbox 429 2313 1207 2395; baseline -0.005 -19"><span class='ocrx_word' id='word_1_97' title='bbox 429 2315 606 2395; x_wconf 86' lang='lat' dir='ltr'>„Amplexu</span> <span class='ocrx_word' id='word_1_98' title='bbox 629 2313 720 2387; x_wconf 89' lang='lat' dir='ltr'>dulci,</span> <span class='ocrx_word' id='word_1_99' title='bbox 743 2332 833 2392; x_wconf 88' lang='lat' dir='ltr'>quem</span> <span class='ocrx_word' id='word_1_100' title='bbox 855 2331 977 2392; x_wconf 88' lang='lat' dir='ltr'>semper</span> <span class='ocrx_word' id='word_1_101' title='bbox 998 2315 1101 2373; x_wconf 86' lang='lat' dir='ltr'>mente</span> <span class='ocrx_word' id='word_1_102' title='bbox 1123 2313 1207 2373; x_wconf 88' lang='lat' dir='ltr'>fideli</span> 
     </span>
     <span class='ocr_line' id='line_1_19' title="bbox 430 2407 1165 2496; baseline -0.005 -18"><span class='ocrx_word' id='word_1_103' title='bbox 430 2418 487 2493; x_wconf 85' lang='lat' dir='ltr'>„Iu</span> <span class='ocrx_word' id='word_1_104' title='bbox 507 2417 600 2478; x_wconf 84' lang='lat' dir='ltr'>terris</span> <span class='ocrx_word' id='word_1_105' title='bbox 624 2407 712 2490; x_wconf 84' lang='lat' dir='ltr'>colui,</span> <span class='ocrx_word' id='word_1_106' title='bbox 736 2416 863 2496; x_wconf 90' lang='lat' dir='ltr'>cupiens</span> <span class='ocrx_word' id='word_1_107' title='bbox 885 2415 951 2475; x_wconf 90' lang='lat' dir='ltr'>sine</span> <span class='ocrx_word' id='word_1_108' title='bbox 974 2415 1035 2476; x_wconf 89' lang='lat' dir='ltr'>fine</span> <span class='ocrx_word' id='word_1_109' title='bbox 1056 2415 1165 2475; x_wconf 86' lang='lat' dir='ltr'>tueri.“</span> 
     </span>
     <span class='ocr_line' id='line_1_20' title="bbox 430 2517 1165 2599; baseline -0.003 -19"><span class='ocrx_word' id='word_1_110' title='bbox 430 2519 489 2580; x_wconf 87' lang='lat' dir='ltr'>His</span> <span class='ocrx_word' id='word_1_111' title='bbox 511 2520 608 2599; x_wconf 79' lang='lat' dir='ltr'>igitur</span> <span class='ocrx_word' id='word_1_112' title='bbox 630 2519 728 2594; x_wconf 87' lang='lat' dir='ltr'>dictis,</span> <span class='ocrx_word' id='word_1_113' title='bbox 751 2519 850 2578; x_wconf 88' lang='lat' dir='ltr'>subito</span> <span class='ocrx_word' id='word_1_114' title='bbox 873 2517 1015 2578; x_wconf 87' lang='lat' dir='ltr'>discessit</span> <span class='ocrx_word' id='word_1_115' title='bbox 1036 2519 1074 2578; x_wconf 90' lang='lat' dir='ltr'>ab</span> <span class='ocrx_word' id='word_1_116' title='bbox 1097 2518 1165 2578; x_wconf 93' lang='lat' dir='ltr'>illis.</span> 
     </span>
     <span class='ocr_line' id='line_1_21' title="bbox 347 2618 1132 2696; baseline -0.001 -13"><span class='ocrx_word' id='word_1_117' title='bbox 347 2618 419 2684; x_wconf 81' lang='lat'>455.</span> <span class='ocrx_word' id='word_1_118' title='bbox 435 2622 506 2696; x_wconf 81' lang='lat' dir='ltr'>Qui,</span> <span class='ocrx_word' id='word_1_119' title='bbox 528 2623 655 2682; x_wconf 94' lang='lat' dir='ltr'>nimium</span> <span class='ocrx_word' id='word_1_120' title='bbox 676 2621 751 2681; x_wconf 86' lang='lat' dir='ltr'>laeti</span> <span class='ocrx_word' id='word_1_121' title='bbox 772 2624 858 2681; x_wconf 87' lang='lat' dir='ltr'>tanto</span> <span class='ocrx_word' id='word_1_122' title='bbox 881 2620 1027 2681; x_wconf 90' lang='lat' dir='ltr'>solamine</span> <span class='ocrx_word' id='word_1_123' title='bbox 1049 2621 1132 2694; x_wconf 82' lang='lat' dir='ltr'>lacti,</span> 
     </span>
     <span class='ocr_line' id='line_1_22' title="bbox 433 2722 1249 2802; baseline -0.004 -18"><span class='ocrx_word' id='word_1_124' title='bbox 433 2723 598 2785; x_wconf 82' lang='lat' dir='ltr'>Siccabant</span> <span class='ocrx_word' id='word_1_125' title='bbox 618 2724 769 2797; x_wconf 84' lang='lat' dir='ltr'>lacrimas,</span> <span class='ocrx_word' id='word_1_126' title='bbox 792 2741 886 2802; x_wconf 88' lang='lat' dir='ltr'>super</span> <span class='ocrx_word' id='word_1_127' title='bbox 909 2724 976 2802; x_wconf 84' lang='lat' dir='ltr'>ejus</span> <span class='ocrx_word' id='word_1_128' title='bbox 997 2724 1096 2782; x_wconf 87' lang='lat' dir='ltr'>morte</span> <span class='ocrx_word' id='word_1_129' title='bbox 1117 2722 1249 2795; x_wconf 81' lang='lat' dir='ltr'>refusas,</span> 
     </span>
     <span class='ocr_line' id='line_1_23' title="bbox 432 2824 1191 2904; baseline -0.004 -19"><span class='ocrx_word' id='word_1_130' title='bbox 432 2824 475 2886; x_wconf 86' lang='lat' dir='ltr'>Et</span> <span class='ocrx_word' id='word_1_131' title='bbox 497 2827 604 2885; x_wconf 87' lang='lat' dir='ltr'>laudes</span> <span class='ocrx_word' id='word_1_132' title='bbox 625 2825 755 2885; x_wconf 89' lang='lat' dir='ltr'>Domino</span> <span class='ocrx_word' id='word_1_133' title='bbox 775 2824 951 2904; x_wconf 85' lang='lat' dir='ltr'>psallebant</span> <span class='ocrx_word' id='word_1_134' title='bbox 972 2843 1048 2884; x_wconf 87' lang='lat' dir='ltr'>voce</span> <span class='ocrx_word' id='word_1_135' title='bbox 1070 2841 1191 2898; x_wconf 88' lang='lat' dir='ltr'>canora,</span> 
     </span>
     <span class='ocr_line' id='line_1_24' title="bbox 433 2925 1223 3007; baseline -0.004 -20"><span class='ocrx_word' id='word_1_136' title='bbox 433 2926 495 2997; x_wconf 81' lang='lat' dir='ltr'>Qui</span> <span class='ocrx_word' id='word_1_137' title='bbox 515 2930 586 3007; x_wconf 94' lang='lat' dir='ltr'>post</span> <span class='ocrx_word' id='word_1_138' title='bbox 606 2927 684 2986; x_wconf 87' lang='lat' dir='ltr'>dura</span> <span class='ocrx_word' id='word_1_139' title='bbox 706 2926 770 2985; x_wconf 89' lang='lat' dir='ltr'>suis</span> <span class='ocrx_word' id='word_1_140' title='bbox 792 2925 899 2986; x_wconf 89' lang='lat' dir='ltr'>tribuit</span> <span class='ocrx_word' id='word_1_141' title='bbox 921 2925 1087 2985; x_wconf 89' lang='lat' dir='ltr'>certamina</span> <span class='ocrx_word' id='word_1_142' title='bbox 1109 2926 1223 2986; x_wconf 89' lang='lat' dir='ltr'>sanctis</span> 
     </span>
     <span class='ocr_line' id='line_1_25' title="bbox 433 3027 1207 3106; baseline -0.001 -18"><span class='ocrx_word' id='word_1_143' title='bbox 433 3027 578 3089; x_wconf 82' lang='lat' dir='ltr'>Testibus</span> <span class='ocrx_word' id='word_1_144' title='bbox 600 3029 747 3088; x_wconf 82' lang='lat' dir='ltr'>aeternae</span> <span class='ocrx_word' id='word_1_145' title='bbox 769 3028 938 3088; x_wconf 88' lang='lat' dir='ltr'>clementer</span> <span class='ocrx_word' id='word_1_146' title='bbox 958 3027 1095 3106; x_wconf 89' lang='lat' dir='ltr'>praemia</span> <span class='ocrx_word' id='word_1_147' title='bbox 1115 3027 1207 3088; x_wconf 87' lang='lat' dir='ltr'>vitae.</span> 
     </span>
    </p>
   </div>
   <div class='ocr_carea' id='block_1_3' title="bbox 805 3127 914 3190">
    <p class='ocr_par' dir='ltr' id='par_1_3' title="bbox 805 3127 914 3190">
     <span class='ocr_line' id='line_1_26' title="bbox 805 3127 914 3190; baseline -0.028 0"><span class='ocrx_word' id='word_1_148' title='bbox 805 3127 914 3190; x_wconf 85' lang='lat' dir='ltr'>Amen.</span> 
     </span>
    </p>
   </div>
   <div class='ocr_carea' id='block_1_4' title="bbox 370 3281 551 3292">
    <p class='ocr_par' dir='ltr' id='par_1_4' title="bbox 370 3281 551 3292">
     <span class='ocr_line' id='line_1_27' title="bbox 370 3281 551 3292; baseline -0.006 0"><span class='ocrx_word' id='word_1_149' title='bbox 370 3281 551 3292; x_wconf 66' lang='grc' dir='ltr'>-ιι-ι-ι-</span> 
     </span>
    </p>
   </div>
   <div class='ocr_carea' id='block_1_5' title="bbox 374 3357 1373 3488">
    <p class='ocr_par' dir='ltr' id='par_1_5' title="bbox 374 3357 1373 3488">
     <span class='ocr_line' id='line_1_28' title="bbox 374 3357 1373 3417; baseline -0.002 -11"><span class='ocrx_word' id='word_1_150' title='bbox 374 3362 421 3406; x_wconf 64' lang='grc'>436.</span> <span class='ocrx_word' id='word_1_151' title='bbox 437 3362 644 3416; x_wconf 69' lang='lat' dir='ltr'>vigilantibus,</span> <span class='ocrx_word' id='word_1_152' title='bbox 661 3359 683 3403; x_wconf 85' lang='lat' dir='ltr'>S.</span> <span class='ocrx_word' id='word_1_153' title='bbox 717 3357 762 3404; x_wconf 71' lang='lat' dir='ltr'>dib.</span> <span class='ocrx_word' id='word_1_154' title='bbox 778 3361 950 3416; x_wconf 63' lang='lat' dir='ltr'>Artaxatis,</span> <span class='ocrx_word' id='word_1_155' title='bbox 966 3359 996 3404; x_wconf 76' lang='lat' dir='ltr'>M.</span> <span class='ocrx_word' id='word_1_156' title='bbox 1029 3360 1076 3406; x_wconf 59' lang='lat' dir='ltr'>dis.</span> <span class='ocrx_word' id='word_1_157' title='bbox 1089 3362 1170 3405; x_wconf 74' lang='lat' dir='ltr'>Diaeus</span> <span class='ocrx_word' id='word_1_158' title='bbox 1183 3360 1373 3417; x_wconf 58' lang='lat' dir='ltr'>taedereque</span> 
     </span>
     <span class='ocr_line' id='line_1_29' title="bbox 441 3430 1372 3488; baseline 0.005 -17"><span class='ocrx_word' id='word_1_159' title='bbox 441 3443 537 3485; x_wconf 76' lang='lat' dir='ltr'>neena,</span> <span class='ocrx_word' id='word_1_160' title='bbox 560 3433 597 3488; x_wconf 66' lang='grc' dir='ltr'>ὓς</span> <span class='ocrx_word' id='word_1_161' title='bbox 612 3442 689 3472; x_wconf 85' lang='lat' dir='ltr'>nunc</span> <span class='ocrx_word' id='word_1_162' title='bbox 708 3431 803 3486; x_wconf 64' lang='lat' dir='ltr'>gaudete</span> <span class='ocrx_word' id='word_1_163' title='bbox 819 3444 913 3485; x_wconf 79' lang='lat' dir='ltr'>mecam,</span> <span class='ocrx_word' id='word_1_164' title='bbox 935 3431 959 3476; x_wconf 87' lang='lat' dir='ltr'>S.</span> <span class='ocrx_word' id='word_1_165' title='bbox 986 3430 1032 3476; x_wconf 76' lang='lat' dir='ltr'>tls.</span> <span class='ocrx_word' id='word_1_166' title='bbox 1049 3433 1198 3487; x_wconf 72' lang='lat' dir='ltr'>institue,</span> <span class='ocrx_word' id='word_1_167' title='bbox 1218 3431 1296 3486; x_wconf 51' lang='lat' dir='ltr'>bist.</span> <span class='ocrx_word' id='word_1_168' title='bbox 1311 3431 1372 3476; x_wconf 74' lang='lat' dir='ltr'>nc.</span> 
     </span>
    </p>
   </div>
   <div class='ocr_carea' id='block_1_6' title="bbox 0 0 1576 4888">
    <p class='ocr_par' dir='ltr' id='par_1_6' title="bbox 0 0 1576 4888">
     <span class='ocr_line' id='line_1_30' title="bbox 0 0 1576 4888; baseline 0 0"><span class='ocrx_word' id='word_1_169' title='bbox 0 0 1576 4888; x_wconf 95' lang='lat' dir='ltr'> </span> 
     </span>
    </p>
   </div>
   <div class='ocr_carea' id='block_1_7' title="bbox 359 4578 1007 4862">
    <p class='ocr_par' dir='ltr' id='par_1_7' title="bbox 232 4578 1007 4862">
     <span class='ocr_line' id='line_1_31' title="bbox 359 4578 1007 4862; baseline 0.04 -23.92"><span class='ocrx_word' id='word_1_170' title='bbox 232 4578 1007 4862; x_wconf 61' lang='lat' dir='ltr'>nst</span> 
     </span>
    </p>
   </div>
  </div>
 </body>
</html>
