3122 4894
539 547 777 620 ..189-

148 751 232 809 mur3
254 730 285 791 et
307 730 335 790 si
355 729 496 791 insanum
519 731 612 811 eaput
641 729 755 790 diutius
776 727 885 790 vivere
914 729 1057 806 sustines,
1079 732 1111 792 te
1132 729 1177 813 ip·
1200 781 1213 794 .

152 855 220 896 sum
242 837 274 896 et
295 853 351 895 nos
373 834 494 916 perdes.
510 833 550 915 ³⁹)

554 934 767 997 Sisinnius.

150 1040 297 1121 Quisquis
327 1060 362 1100 es
390 1058 543 1115 meorum,
580 1042 706 1099 strenue
718 1036 759 1118 ⁴⁰)
792 1039 927 1100 extende
959 1057 1078 1116 areum,
1107 1039 1178 1122 jane

151 1145 304 1224 sagittam,
326 1143 457 1225 perfode
478 1143 558 1204 hane
579 1142 758 1202 maleficam.

580 1244 749 1305 Milites.

147 1333 254 1394 Decet.

581 1414 744 1476 Hirena.

147 1519 274 1594 Infelix,
298 1521 457 1593 erubesce,
478 1517 654 1598 Sisinni,⁴¹)
677 1520 833 1592 erubesce,
846 1520 939 1599 teque
962 1519 1094 1600 turpiter
1115 1520 1179 1583 vie·

149 1627 216 1685 tum
237 1623 414 1702 ingemisce,
438 1622 509 1700 quia
538 1622 672 1682 tenellae
702 1622 862 1682 infantiam
883 1623 1088 1702 virgunculae
1110 1626 1178 1686 abs-

151 1747 211 1807 que
234 1745 389 1786 armorum
410 1728 563 1806 apparatu
583 1724 750 1803 nequivisti
772 1744 930 1805 superare.

552 1825 767 1888 Sisinnius
819 1809 835 1840 ⁰

149 1930 303 2011 Quicquid
326 1930 486 1991 dedecoris
509 1930 637 2005 aceedit,
648 1929 689 2010 ⁴¹²)
712 1929 813 1990 levius
836 1930 942 2008 tolero,
966 1931 1038 2012 quia
1059 1936 1093 1996 te
1114 1953 1177 1997 mo-

148 2037 279 2096 rituram
300 2035 377 2095 haut
399 2034 512 2094 dubita.

579 2135 741 2197 Hirena.

147 2239 230 2302 Hine
251 2240 325 2301 mihi
348 2259 439 2320 quam
459 2240 592 2301 maxime
604 2240 810 2318 gaudendum,
832 2241 887 2302 tibi
905 2262 980 2303 vero
1004 2242 1178 2320 dolendum,

149 2345 220 2424 quia
252 2363 308 2425 pro
337 2344 383 2404 tui
413 2345 580 2404 severitate
610 2343 809 2422 malignitatis
832 2347 864 2404 in
893 2348 1011 2406 tartara
1034 2346 1179 2427 dampna-

152 2447 253 2523 beris;
288 2465 347 2525 ego
380 2448 497 2520 autem,
526 2447 667 2528 martyrii
693 2446 826 2527 palmam
853 2448 1102 2527 virginitatisque
1132 2468 1180 2509 re-

152 2552 281 2630 ceptura
304 2567 455 2624 eoronam,
476 2549 597 2610 intrabo
620 2551 800 2610 aethereum
819 2551 939 2611 aeterni
960 2550 1059 2630 Regis
1081 2552 1179 2613 thala-

151 2672 242 2726 mum,
266 2651 316 2713 eui
338 2655 387 2712 est
407 2652 505 2714 honor
528 2655 560 2713 et
581 2652 680 2732 gloria
701 2645 734 2714 in
756 2653 888 2716 saecula.

174 2889 212 2944 39)
228 2900 300 2941 urspr.
318 2887 421 2942 perdis,
438 2899 482 2928 von
496 2887 622 2930 ullaullaud
632 2891 734 2944 corvlglrt
749 2890 770 2931 in
785 2888 903 2945 partlm
919 2888 1141 2945 (Reimperdles,
1154 2889 1179 2935 Ρ.

222 2957 456 3012 dojvstrennueffl.
483 2958 1025 3013 dl)Stslnnl,erubescelehltinC.u.S.
1052 2959 1179 3016 dwanal-

226 3026 276 3080 dll,
295 3026 319 3071 C.
337 3039 359 3069 u.
375 3025 398 3067 S.
