3144 4888
786 491 1026 558 ...122-

392 660 462 730 120.
478 664 672 730 Centeniunt
693 667 795 730 subito
816 667 942 743 medici,
970 665 1058 730 velut
1079 662 1201 745 agmine
1223 664 1314 741 iacto,

474 771 642 852 Apponunt
663 772 758 832 variis
780 774 868 854 aptas
890 771 1003 832 morbis
1025 769 1202 843 medicinae,

475 873 594 936 Harum
616 874 670 934 sed
691 875 799 954 juveni
821 875 864 936 nil
886 873 1067 954 proficiebat
1088 871 1210 933 amenti.

477 975 616 1039 Tandem
638 980 813 1052 senserunt,
836 977 917 1056 quod
940 996 1012 1038 mox
1029 975 1111 1055 patri
1133 975 1316 1048 retulerunt,

479 1078 549 1141 Non
571 1079 629 1141 hoe
650 1080 808 1159 languoris
831 1080 961 1158 signum,
985 1079 1041 1138 sed
1064 1077 1154 1138 fortis
1176 1076 1297 1150 amoris,

392 1177 461 1244 125.
478 1181 569 1251 Quod
592 1183 790 1244 contristatus
812 1185 971 1264 pateretur
992 1181 1072 1242 filius
1095 1181 1170 1260 ejus.

482 1282 560 1358 Quo,
583 1288 681 1366 pater,
704 1285 816 1360 audito,
839 1302 933 1346 causa
953 1284 1112 1363 morbique
1137 1284 1272 1363 reperta,

476 1385 519 1449 Ut
540 1387 589 1448 leo
613 1388 822 1463 frendescens,
844 1387 983 1470 rapidam
1005 1406 1174 1448 conversus
1196 1386 1227 1445 in
1249 1386 1333 1461 iram,

476 1488 599 1571 incepit
618 1492 793 1571 percontari
814 1491 899 1551 rabie
922 1490 1057 1564 furienti,

477 1590 554 1662 Quis
574 1593 655 1654 foret
676 1594 729 1654 ilie
750 1594 914 1674 potestatis
937 1593 981 1652 sio
1003 1591 1178 1673 imperialia,

376 1690 462 1778 Ι130.
477 1693 515 1754 ln
538 1715 598 1775 quo
622 1716 677 1776 spe
698 1715 789 1771 rana,
811 1697 910 1775 uirgo,
934 1696 1056 1769 confisa,
1079 1697 1213 1775 superba

473 1795 631 1874 Crederet,
655 1819 724 1860 esse
746 1801 804 1861 sibi
822 1801 962 1879 junctum
984 1801 1201 1878 contempnere
1224 1799 1339 1871 natum,

471 1899 559 1980 Ejus,
582 1902 641 1980 qui,
663 1903 746 1982 plebi
768 1901 875 1962 merito
899 1901 1117 1962 celeberrimus
1141 1901 1238 1994 omni,

473 2001 568 2064 Esset
590 2005 743 2082 condigne
767 2023 883 2064 summo
905 2009 1071 2083 provectus
1094 2003 1218 2063 honore.

474 2103 563 2166 Haec
585 2105 638 2166 ubi
661 2106 807 2167 disseruit
829 2105 982 2184 nimioque
1004 2106 1108 2166 furore
1131 2105 1267 2180 latravit,

390 2203 460 2270 135.
479 2205 643 2289 Comperit,
665 2209 745 2268 hano
766 2209 873 2290 ipsam,
897 2226 984 2268 sacro
1005 2208 1188 2288 baptismate
1209 2208 1313 2282 lotam,

471 2309 595 2391 Agnen,
617 2311 838 2386 christicolam,
861 2310 966 2392 primis
988 2311 1055 2372 iore
1077 2330 1199 2390 semper
1221 2311 1259 2371 ab
1283 2309 1380 2384 annia,

473 2412 515 2479 Et
537 2415 768 2478 conservandae
790 2435 845 2496 pro
868 2413 1055 2493 virginitatis
1078 2432 1190 2485 amore,

473 2516 553 2578 Esse
576 2538 665 2579 suum
687 2537 842 2600 sponsum,
866 2519 1013 2579 consueto
1036 2517 1148 2590 dicere,
1172 2515 1335 2589 Christum,

474 2619 543 2690 Quo
565 2640 637 2682 nam
659 2627 823 2701 comperto,
845 2621 980 2680 laetatur
1003 2619 1095 2680 corde
1117 2619 1261 2697 maligno,

388 2719 457 2783 140.
475 2721 620 2803 Sperane,
643 2723 702 2804 (se)
725 2727 864 2784 teneram
885 2723 994 2782 merito
1017 2722 1130 2784 debere
1158 2722 1293 2802 pueliam

481 2825 590 2886 Saeuis
612 2827 651 2886 ad
674 2828 789 2886 cultum
810 2825 918 2906 poenis
939 2844 1053 2902 urgere
1076 2825 1211 2900 deornm,

474 2927 516 2988 Et
538 2929 583 2988 sic
604 2949 695 3008 posse
718 2949 808 2990 suum
828 2928 952 2988 tandem
973 2927 1127 3006 complere
1149 2928 1294 3004 furorem,

473 3030 542 3100 Quo
565 3051 621 3110 pro
643 3034 820 3112 contemptu
841 3029 905 3090 nati
927 3029 1060 3090 furiebat
1082 3031 1210 3108 aegroti.

473 3131 564 3207 Hine,
587 3134 670 3194 illam
693 3134 782 3194 citius
805 3134 872 3194 sisti
894 3134 1107 3212 conspectibus
1130 3135 1206 3213 ojus,

389 3231 458 3296 145.
475 3235 581 3308 Jussit,
605 3240 636 3298 et
658 3239 810 3298 astantem
831 3237 978 3316 nulloque
1000 3239 1084 3297 metu
1107 3238 1312 3317 trepidantem

469 3337 571 3398 Primo
594 3339 729 3399 suadelis
751 3340 876 3400 nimium
898 3341 1052 3400 mulcebat
1072 3340 1187 3415 amieis

470 3439 558 3500 Tune
580 3441 672 3502 etiam
693 3443 813 3522 probris
836 3443 912 3504 dure
935 3445 1066 3522 cogebat
1087 3444 1207 3519 amaris,

468 3543 511 3606 Ut
533 3564 567 3606 se
590 3547 699 3626 sponte
722 3547 770 3606 sui
791 3547 856 3608 nati
879 3547 1038 3626 copularet
1060 3547 1156 3608 amori

469 3647 511 3708 Et
534 3649 697 3708 simulacra
720 3647 811 3708 deum
833 3650 948 3710 coleret
971 3647 1188 3728 Christumque
1210 3652 1350 3729 negaret.
1405 3695 1411 3706 .

386 3747 455 3811 150.
470 3749 532 3811 Sed
555 3751 644 3829 virgo
668 3750 781 3812 Christi
799 3772 858 3812 nee
880 3752 1037 3831 suppliciis
1060 3753 1210 3832 superari,

469 3853 536 3913 Neo
558 3854 775 3914 blandimentis
797 3855 896 3933 potuit
918 3855 1075 3915 devincier
1097 3855 1177 3929 oilie,

470 3954 552 4024 Quin
576 3959 717 4018 servaret
739 3956 867 4016 amatori
889 3956 955 4018 sino
978 3956 1088 4018 fraudo
1109 3958 1215 4040 priori,

412 4139 453 4183 13&
469 4141 630 4190 periectos,
647 4139 671 4182 C.
705 4138 748 4182 tio.
765 4138 981 4192 Spemnetrnrrarn,
997 4141 1027 4181 M·
1055 4139 1162 4192 sperans:
1185 4153 1245 4182 mox
1266 4145 1371 4196 teneram,
1385 4144 1410 4187 C.

469 4219 491 4251 ιι.
507 4207 539 4261 S.;
557 4209 582 4250 Ρ.
599 4211 708 4250 satutant
723 4207 820 4261 Spemne
836 4208 874 4252 bt.
906 4209 948 4254 tta.
964 4211 1027 4254 truite
1043 4217 1110 4264 metii,
1125 4211 1150 4253 C.
1162 4223 1184 4255 ιι.
1203 4210 1226 4256 S.

801 4792 868 4852 Δ
1030 4847 1172 4852 .—
