3122 4894
755 479 993 546 -218-

790 656 964 737 Ephrem.

363 762 445 834 Quia
478 779 644 843 numquam
677 759 795 836 oceidit,
819 761 874 821 sed
895 759 1115 842 navigantibus
1144 759 1224 820 recti
1251 759 1395 819 semitam

363 864 482 930 itineris
505 865 619 945 dirigit.

809 947 946 1010 Maria.

366 1056 407 1118 Et
436 1053 489 1136 qui
517 1056 623 1135 posset
651 1053 737 1128 fieri,
766 1055 801 1113 ut
830 1073 888 1131 ego
916 1051 1052 1126 tantilla,
1083 1071 1123 1112 ex
1152 1051 1237 1112 lutea
1265 1051 1397 1114 materia

366 1160 522 1233 confecta,
553 1178 588 1219 eo
618 1157 804 1236 attingerem
825 1155 958 1231 meritis,
989 1176 1047 1238 quo
1077 1155 1259 1238 mysterium
1287 1157 1398 1220 rutilat

365 1263 519 1326 nominis?

793 1363 972 1444 Ephrem.

367 1469 495 1531 Illibata
518 1467 654 1548 corporis
676 1466 855 1546 integritate
877 1484 1016 1547 puraque
1038 1467 1150 1528 mentis
1172 1466 1285 1528 sanctit
1305 1469 1346 1533 te

817 1570 952 1630 Maria.

371 1673 506 1738 Grandis
530 1677 578 1736 cst
598 1674 731 1748 honoris,
754 1675 906 1735 hominem
929 1673 1054 1754 aequari
1077 1676 1230 1736 astrorum
1251 1675 1355 1738 radiis.

796 1777 975 1858 Ephrem.

369 1881 457 1956 Nam,
481 1882 507 1941 si
529 1881 708 1960 incorrupta
729 1883 760 1941 et
781 1881 870 1958 virge
893 1879 1096 1962 permanebis,
1120 1879 1240 1958 angelis
1262 1880 1321 1941 Dei
1343 1882 1400 1942 fies

370 1985 523 2063 aequalis,
554 1984 664 2062 quibus
694 1983 819 2044 tandem
846 1984 973 2064 stipata,
1009 1983 1098 2062 gravi
1131 1984 1267 2063 corporis
1303 2004 1399 2045 onere

373 2088 502 2167 abjecta,
518 2085 556 2167 ¹⁴)
568 2087 757 2166 pertransies
772 2085 831 2167 ¹4⁸)
848 2106 930 2161 aera,
944 2087 1187 2167 supergradieris
1202 2087 1338 2160 aethera,
1351 2109 1402 2148 ac-

372 2188 494 2250 tiacum
521 2209 689 2269 percurres
713 2188 880 2264 circulum,
910 2209 968 2250 nec
991 2190 1186 2253 subsistendo
1214 2191 1403 2270 temperabis

372 2312 531 2371 gressum,
565 2292 663 2352 donec
686 2293 872 2374 amplexaris
900 2293 1093 2374 amplexibus
1128 2293 1184 2354 tilii
1206 2291 1350 2372 Virginis·
1368 2294 1401 2354 in

374 2396 497 2458 lucifluo
520 2396 653 2457 thalamo
676 2397 723 2458 sui
745 2396 911 2476 genitricis.

822 2499 957 2560 Maria.

382 2603 443 2675 Qui
473 2605 551 2664 haec
579 2604 669 2686 parvi
696 2604 824 2684 pendet,
853 2603 973 2664 asinum
1001 2603 1093 2677 vivit,
1118 2601 1201 2673 unde
1230 2601 1407 2684 praesentia

379 2709 523 2790 despicio,
537 2708 761 2790 memetipsam
784 2708 913 2786 denega,
926 2726 986 2786 quo
1007 2725 1128 2768 merear
1150 2705 1262 2768 ascribi
1283 2707 1405 2784 gaudiis

376 2812 481 2874 tantae
506 2812 670 2872 felicitatis.

802 2914 981 2994 Ephrem.

380 3017 471 3091 Ecce,
493 3016 698 3077 nanciscimur
719 3016 750 3077 in
774 3021 899 3098 pectere
922 3016 1055 3077 infantili
1077 3016 1181 3077 senilis
1199 3014 1408 3076 maturitatem

380 3119 504 3198 ingenii.

790 3205 996 3268 Abraham.

382 3303 491 3368 Gratia
513 3306 572 3367 Dei
592 3309 640 3370 est
661 3308 702 3386 id,
726 3311 808 3391 qued
831 3315 887 3371 est.

806 3414 984 3496 Ephrem.

381 3511 412 3577 N
414 3515 501 3594 agari
515 3515 552 3597 ¹⁵)
575 3517 690 3598 nequit.

796 3621 998 3682 Abraham.

386 3721 448 3783 Sed
470 3723 544 3785 licet
565 3724 624 3784 Dei
646 3724 745 3802 gratia
768 3725 807 3785 sit
828 3725 992 3795 illustrata,
1015 3720 1189 3782 inbecillam
1210 3720 1312 3781 tamen
1327 3717 1410 3778 aeta-

386 3830 449 3886 tem
471 3846 526 3887 sno
549 3827 676 3887 utinen
698 3825 826 3906 prodest
848 3825 981 3886 arbitrio.

415 4063 448 4115 ll]
463 4065 494 4104 ab
500 4065 509 4112 j
519 4067 593 4118 ceta,
609 4076 633 4104 so
649 4064 687 4104 dar
701 4063 753 4104 eoa.
769 4075 789 4106 ιι,
805 4061 837 4114 Ρ.,
852 4063 900 4103 dem
910 4059 986 4102 Reirne
1001 4059 1097 4114 folgend,
1113 4059 1169 4100 ohne
1186 4057 1306 4100 Riichsieht
1320 4053 1362 4095 aur
1373 4055 1413 4095 das

465 4133 598 4173 Geschlrrht
613 4145 654 4172 ron
670 4143 740 4185 οηιιςς
756 4131 882 4182 abjecto,
901 4132 932 4181 (h,
946 4130 968 4172 S.
983 4129 1058 4182 ahlg.
1089 4128 1144 4181 na)
1158 4127 1370 4180 pertransiens,
1381 4125 1413 4178 0.,

466 4200 488 4245 S.
507 4215 529 4244 ιι.
544 4203 589 4256 Mg.
605 4203 675 4257 vergi.
689 4201 757 4255 Pnph.
773 4201 855 4245 exies.
871 4199 965 4253 (heim.)
995 4201 1029 4251 15)
1043 4198 1162 4251 Negare,
1176 4195 1207 4236 M.
1224 4209 1246 4240 u.
1264 4195 1287 4235 Ρ.
