3122 4894
752 451 902 533 -222
945 494 990 511 -

781 638 955 719 Ephrem

353 726 491 790 Evidens
513 727 600 788 visio.

764 809 819 871 Ab
830 809 974 870 raham.

351 915 395 976 At
418 935 485 994 ego,
508 914 561 974 ubi
584 913 809 994 expergiscens
822 911 862 992 ²⁴)
884 915 996 987 mente,
1028 929 1106 990 quae
1129 910 1281 984 videbam,
1305 910 1389 970 trao-

353 1019 427 1092 tavi,
449 1019 582 1078 verebar
616 1017 749 1095 aliquam
772 1003 921 1076 ecclesiae
950 1013 1108 1074 imminere
1131 1012 1390 1094 persecutionem,

354 1139 433 1200 quae
455 1121 563 1182 fideles
587 1120 736 1200 quosdam
758 1118 930 1178 attraheret
951 1117 983 1177 in
1006 1135 1151 1178 errorem.

782 1219 966 1302 Ephrem.

276 1347 282 1364 .
353 1307 534 1369 Verendum
555 1309 630 1368 erat.

764 1391 973 1452 Abraham.

354 1493 444 1558 Unde
480 1497 654 1576 prostratus
687 1494 719 1554 in
752 1495 921 1554 orationem
952 1492 1181 1574 praecognitori
1212 1492 1388 1552 futurorum

356 1599 535 1680 supplicavi,
559 1605 594 1658 ut
615 1597 689 1658 mihi
711 1598 876 1676 detegeret
897 1597 1079 1658 solutionem
1102 1596 1218 1657 somnii.

779 1700 959 1781 Ephrem.

353 1786 453 1849 Recte
476 1786 575 1866 egisti.

765 1872 971 1933 Abraham.

353 1975 458 2039 Tertia
481 1975 602 2035 demum
623 1977 726 2049 nocte,
749 1995 817 2036 oum
839 1977 922 2037 lassa
945 1974 1048 2056 sopori
1068 1975 1205 2042 membra
1220 1973 1385 2046 dedissem,

352 2081 497 2158 putabam
520 2077 653 2138 eundum
677 2079 841 2139 draconem
863 2079 939 2140 meis
961 2077 1103 2156 vestigiis
1138 2076 1310 2156 disruptum
1331 2095 1386 2136 vo-

354 2182 480 2255 lutasse,
503 2181 661 2261 ipsamque
684 2181 855 2242 columbam
877 2183 993 2262 absque
1016 2181 1151 2240 laesione
1175 2178 1345 2240 emicuisse.

353 2367 519 2430 Laetificor
541 2369 656 2445 auditu,
679 2389 738 2430 nec
760 2283 988 2450 agldgoleqllrin
1011 2370 1064 2430 tua
1086 2367 1269 2450 quandoque
1292 2366 1332 2464 ad
1352 2369 1385 2426 te

354 2476 532 2536 revertatur
554 2471 662 2534 Maria.

767 2559 973 2620 Abraham.

360 2659 528 2741 Postquam
551 2661 703 2738 evigilans
726 2661 817 2742 hujus
841 2662 989 2723 solamine
1016 2660 1145 2722 visionis
1177 2659 1389 2739 temperabam

357 2765 515 2826 tristitiam
536 2765 656 2843 prioris,
668 2766 803 2824 mentem
824 2765 936 2844 recepi,
947 2767 982 2825 ut
1002 2763 1218 2824 reminiscerer
1227 2761 1269 2842 α5)
1292 2762 1387 2821 alum-

361 2887 436 2944 nae3
465 2867 543 2927 illud
573 2885 692 2946 quoqne
722 2867 748 2926 si
777 2867 843 2926 sine
864 2867 990 2927 tristitia
1011 2867 1151 2940 memini,
1180 2865 1261 2944 quod
1289 2863 1389 2944 ipsam

359 2971 390 3031 in
403 2971 532 3030 duorum
546 2969 708 3029 intervallo
726 2969 844 3029 dierum
866 2969 990 3030 diuinae
1011 2970 1193 3032 innitentem
1203 2965 1288 3028 laudi
1299 2967 1388 3030 solito

355 3093 417 3133 non
439 3091 531 3131 sensr.

778 3154 960 3236 Ephrem.

358 3239 434 3302 Sero
459 3239 630 3300 meministi.

764 3325 972 3390 Abraham.

352 3427 476 3492 Fateor.
517 3427 660 3504 Accessi,
683 3449 776 3494 manu
798 3432 968 3494 fenestram
988 3430 1119 3514 pulsavi,
1142 3429 1238 3494 filiam
1260 3430 1384 3513 saepius

355 3533 539 3596 nominando
561 3534 681 3597 vocavi.

774 3617 827 3702 Ep
839 3622 882 3681 hr
892 3641 908 3680 e
917 3642 956 3681 m.

354 3704 421 3768 Ahl
445 3705 561 3767 frustra
582 3706 709 3768 vocasti.
804 3744 807 3751 ·

764 3789 970 3852 Abraham.

349 3892 419 3958 Hoc
447 3893 548 3954 adhue
577 3913 639 3954 non
661 3892 759 3965 sensi,
790 3893 859 3968 sed,
889 3913 946 3954 cur
966 3891 1173 3972 neglegenter
1203 3893 1235 3954 in
1266 3891 1378 3954 divinis

345 3997 471 4081 ageret,
493 3995 611 4076 rogaui.
656 3993 719 4056 Sed
740 4013 798 4054 neo
820 3995 898 4056 levis
921 3997 1065 4059 tinnitum
1085 3997 1227 4080 responsi
1248 3996 1361 4077 recepi.

351 4117 557 4130 -—--—ae-—·—-·-

374 4163 412 4223 al)
428 4163 627 4219 experturam,
644 4157 675 4206 Μ.
701 4160 740 4218 25)
756 4161 942 4221 reminiscer,
957 4163 988 4210 Μ.
1002 4177 1024 4208 u.
1041 4163 1067 4212 Ρ.
