3122 4894
550 531 595 548 ·-
636 495 702 566 253
745 533 792 550 --

509 707 514 731 i
603 673 734 736 Thais.

152 777 196 840 Et
225 776 293 859 quis
323 781 393 859 post
422 777 500 838 haec
527 776 614 838 locus
643 777 811 859 pestiferae
844 776 1041 840 delectationi
1061 777 1094 839 in
1115 795 1183 839 mac

153 881 246 942 corde
268 881 371 962 potest
391 879 532 960 relinqui,
550 880 609 942 ubi
630 881 728 942 solum
749 876 887 943 intestini
899 879 1180 944 moeroris‘amari·

154 985 229 1047 tudo
253 983 427 1064 consciique
444 986 554 1045 reatus
576 1002 658 1045 nora
680 984 852 1046 dominatur
874 983 1028 1048 formido?
1053 1030 1059 1042 ,

542 1085 799 1169 Paphnutius.

150 1189 220 1252 Hoc
232 1192 312 1271 opto,
329 1209 397 1270 quo,
419 1187 549 1250 resectis
566 1189 710 1252 uitiorum
724 1191 829 1274 spinis,
853 1210 1014 1272 emergere
1030 1188 1127 1274 possit
1137 1189 1182 1270 ⁸⁶)

153 1293 281 1355 lacrima
303 1293 544 1375 conpunctionis.
556 1291 596 1374 ³⁶)

601 1395 732 1458 Thais.

151 1498 196 1573 0,
226 1497 252 1559 si
281 1499 440 1575 crederes,
468 1518 494 1575 o,
523 1499 550 1560 si
572 1519 729 1580 sperares,
758 1519 808 1560 me
838 1499 1041 1576 sordidulam,
1069 1499 1182 1562 millies

148 1601 283 1662 millenis
305 1601 441 1664 sordium
463 1603 587 1664 oblitam
614 1601 880 1677 offuscationibus,
909 1603 1067 1666 ullatenus
1088 1622 1180 1684 posse

150 1704 285 1785 expiari,
319 1723 376 1765 seu
406 1706 470 1767 uilo
504 1703 734 1787 conpunctionis
746 1704 790 1784 ³⁷)
821 1704 910 1768 modo
951 1706 1076 1768 reniam
1109 1723 1180 1787 pro·

148 1807 280 1869 mereri!
926 1807 928 1810 ’

397 1959 401 1974 ‚
529 1892 799 1976 Paphnutius.

145 1993 274 2056 Nullum
296 1995 378 2056 enim
405 2015 502 2075 grave
531 2003 709 2078 peccatum,
739 1996 856 2057 nullum
886 1999 950 2058 tam
977 1995 1101 2060 inmane
1131 1999 1181 2058 est

146 2097 307 2174 delictum,
332 2099 413 2178 quod
441 2102 577 2179 nequeat
606 2099 726 2180 expiari
747 2097 955 2183 poenitentiae
976 2097 1121 2174 lacrimis,
1151 2097 1179 2160 si

145 2197 274 2262 effectus
296 2204 444 2282 sequetur
465 2202 575 2283 operis.

592 2304 727 2366 Thais.

145 2403 298 2482 Ostende,
321 2423 452 2486 quaeso,
474 2406 516 2467 mi
538 2409 645 2491 pater,
668 2425 727 2487 quo
751 2403 862 2468 effectu
884 2405 986 2488 operis
1007 2403 1179 2489 promereri

144 2527 254 2590 queam
275 2528 385 2570 munus
405 2508 670 2571 reconciliationis.

524 2610 787 2692 Paphnutius.

145 2711 337 2796 contempne
360 2713 533 2790 saeculum,
549 2713 638 2794 ¹iuge
659 2713 846 2776 lascivorum
856 2713 897 2796 88)
920 2712 1073 2798 consortia
1090 2730 1176 2788 ama·

145 2815 273 2878 sionum.
1156 2847 1162 2880 ι

594 2900 727 2964 Thais.

64 3043 66 3048 ·
141 3006 186 3068 Et
207 3005 281 3085 quid
301 3005 376 3066 mihi
396 3006 472 3067 tuuc
494 3004 553 3067 erit
575 3004 755 3085 agendum?

530 3107 792 3188 Paphnutius.

140 3210 179 3272 In
202 3212 356 3272 secretum
377 3210 479 3272 iocum
501 3210 723 3284 secedendum,
754 3211 787 3270 in
817 3229 876 3290 quo
899 3208 1051 3291 teipsam
1072 3208 1174 3270 discu-

140 3312 245 3376 tiendo
266 3315 367 3395 possis
387 3312 551 3374 lamentari
573 3312 787 3374 enormitatem
809 3313 855 3373 tui
876 3313 989 3374 delicti.

592 3413 618 3474 Τ
629 3413 695 3474 hai
706 3432 729 3474 s.

141 3516 175 3579 Si
198 3518 258 3580 hoc
279 3535 386 3600 speras
401 3517 562 3600 proficere,
578 3536 640 3578 non
662 3514 743 3577 addc
764 3518 952 3578 momentum
970 3515 1117 3578 morulae.
1132 3515 1173 3610 ³⁹)

520 3617 789 3702 Paphnuffius

139 3721 210 3784 Non
233 3722 347 3797 dubito,
370 3722 442 3802 quin
463 3722 569 3804 prosit.

163 3921 202 3977 35)
217 3919 335 3962 Zwlschen
354 3921 455 3973 possit
474 3921 519 3964 und
540 3922 774 3975 conpunctionis
795 3922 825 3962 ut
844 3921 873 3963 im
888 3919 942 3965 coa.
958 3921 1009 3963 eiua
1023 3918 1171 3974 Lucheflber

215 3988 301 4031 welche
321 3989 450 4032 lacrima
470 4001 515 4031 von
535 3989 594 4034 atter
611 3989 676 4032 Hand
697 3990 843 4044 genetricum
863 3991 899 4032 tat.
926 3988 972 4044 hig.
991 3988 1031 4031 hat
1052 3988 1169 4030 fiumen.

214 4059 508 4113 mconpugticuh,
530 4059 579 4113 ις
599 4059 625 4104 P.
645 4060 724 4101 lauert
749 4061 773 4101 Ιιι
792 4058 1023 4112 compunctionis.
1054 4057 1171 4112 θηεοι-

215 4130 395 4181 paccionis,
421 4127 469 4181 M.;
496 4129 750 4181 conpunctionis,
773 4127 799 4169 P.
840 4127 1104 4182 mincivioruu,
1120 4125 1168 4184 13

214 4195 240 4242 P.
256 4195 295 4239 hat
309 4195 524 4252 mergascotelon.
550 4196 590 4254 30)
604 4197 741 4253 aarum,
754 4195 805 4253 ὥς
819 4197 903 4240 ehem
913 4194 1030 4251 mpr0P.
1102 4214 1105 4222 Α
