3134 4896
778 448 993 518 ..74..

455 631 598 711 Denique
619 630 752 704 lictores,
776 627 897 707 regalia
916 628 1004 708 jussa
1025 627 1204 699 trementes,

455 733 532 798 Mox
553 732 668 795 Christi
689 733 801 793 testem
824 730 926 809 gladio
949 749 1077 792 secuere
1100 727 1230 801 fidelem,

456 837 563 899 Funus
586 838 618 896 et
640 833 810 894 extinctum
831 834 964 914 lymphis
987 833 1118 893 credunt
1138 831 1340 892 retinendum.

369 937 530 1003 {rocham
551 937 639 998 miles
660 937 754 1015 regis,
775 939 929 1018 prostrata
951 938 1058 1010 morte,
1080 933 1226 1015 perennis

454 1041 563 1102 Victor
584 1038 735 1118 stelligeri
756 1040 865 1102 volitat
885 1057 941 1120 per
964 1039 1066 1098 sidera
1088 1037 1165 1098 coeli

457 1142 591 1206 Coelitus
614 1141 762 1221 angelicis
786 1141 936 1206 deductus
958 1142 1096 1202 suaviter
1118 1139 1248 1220 hymnis,

457 1246 573 1308 Iudicis
596 1245 731 1318 otveri,
754 1244 833 1305 coeli
855 1263 948 1325 supra
972 1248 1057 1306 astra
1077 1242 1179 1316 locati,

462 1348 488 1408 E
509 1349 622 1408 dextre
643 1347 771 1407 nitidam
793 1347 929 1428 suscepit
950 1365 1086 1426 congrue
1108 1346 1241 1427 palmam

372 1449 442 1522 305.
459 1450 520 1512 Pro
542 1469 618 1510 nece
639 1450 789 1530 martyrii,
811 1450 965 1511 laudando
987 1450 1049 1510 fine
1070 1448 1197 1530 peracti.

462 1553 523 1615 Sed
545 1571 603 1614 neo
625 1553 775 1614 ferventis
797 1553 904 1614 bravio
927 1554 1088 1613 fraudatur
1110 1549 1229 1625 amoris,

460 1655 529 1727 Quo
552 1659 650 1716 semet
663 1655 780 1715 'vinclis
803 1674 858 1736 pro
880 1655 946 1716 vita
968 1656 1101 1735 denique
1123 1654 1220 1735 patris

458 1758 612 1838 Inpendit,
635 1757 764 1839 patriam
786 1757 930 1836 linquens
953 1759 1138 1837 gentemque
1161 1757 1326 1817 subrectam.

455 1850 594 1921 Tandem
616 1860 700 1920 nulla
722 1859 781 1939 piis
802 1860 882 1940 potis
904 1861 953 1921 est
975 1861 1156 1942 depromere
1178 1857 1282 1920 verbis

369 1959 441 2023 310.
459 1959 593 2040 Lingula
613 1961 790 2034 laureolam,
813 1963 940 2024 coelesti
962 1964 1031 2024 luce
1054 1979 1222 2035 coruscam,

454 2063 524 2134 Qua
543 2065 623 2124 benc
650 2067 775 2124 servata
797 2065 900 2143 fulget
918 2085 975 2146 pro
997 2065 1186 2144 virginitate,

454 2166 629 2247 Adjunotus
652 2165 768 2239 turmis,
792 2168 920 2228 coelesti
940 2169 1016 2229 sede
1036 2169 1193 2248 receptus,

458 2268 549 2348 Agno
572 2270 732 2329 cantamen
755 2269 939 2331 modulando
961 2270 1155 2352 perenniter,
1188 2269 1297 2331 Amen.

499 2371 666 2452 Postquam
686 2372 823 2448 lictores,
852 2374 937 2452 regis
960 2374 1086 2434 decreta
1107 2373 1281 2455 sequentes,

375 2472 446 2537 315.
461 2473 594 2538 Funeris
617 2474 747 2536 exuvias
771 2477 901 2538 extincti
922 2479 971 2538 sat
993 2493 1160 2556 generosas

454 2576 664 2660 Lympharum
685 2579 802 2658 gremio
825 2580 963 2655 credunt,
985 2580 1017 2640 in
1039 2597 1177 2659 saxaque
1199 2578 1306 2658 figunt,

455 2681 498 2746 Ut
520 2682 601 2744 sacri
621 2683 737 2744 tumulo
760 2682 880 2743 cineres
902 2687 1011 2744 essent
1031 2681 1097 2744 sine
1119 2682 1223 2761 digno,

454 2782 604 2860 Christus,
636 2785 688 2864 qui
710 2786 849 2865 proprios
865 2786 981 2866 patitur
997 2803 1058 2846 non
1074 2785 1207 2867 perdere
1223 2783 1348 2844 sanctos

458 2885 616 2947 Praeclari
636 2887 788 2948 modicum
810 2888 918 2968 capitis
940 2889 992 2948 rel
1013 2887 1094 2950 forte
1117 2887 1269 2969 capillum,

369 2983 441 3048 320.
460 2987 529 3049 Non
552 2988 624 3048 tulit
644 2989 676 3048 in
698 2990 823 3070 lympha
842 2995 955 3052 testem
976 3011 1137 3053 remanere
1158 2990 1290 3062 fidelem,

460 3089 511 3152 Illi
534 3091 589 3151 sed
612 3091 739 3170 dignum
760 3094 890 3173 provisit
910 3094 970 3156 rite
992 3094 1144 3167 locellum,

456 3193 516 3263 Qui
535 3195 637 3255 ‘sancti
660 3197 775 3256 tumulo
798 3199 940 3258 servaret
960 3199 1097 3258 membra
1118 3197 1247 3256 secreta

497 3295 576 3356 Nam
597 3297 776 3377 piscatores,
798 3299 940 3380 lymphas
962 3301 1053 3361 remis
1074 3301 1252 3360 resecantes

457 3396 719 3480 Fluctivagosque
741 3421 856 3481 greges
878 3404 974 3464 variis
995 3401 1114 3482 laqueis
1136 3401 1301 3481 capientes,

372 3495 443 3561 325.
455 3497 569 3564 Litoris
591 3506 740 3580 extreme,
763 3505 917 3581 viderunt,
938 3524 1049 3586 corpus
1070 3505 1102 3564 in
1125 3521 1179 3564 ora

459 3603 548 3665 Inter
569 3607 773 3683 grandisonas
794 3608 906 3687 agitari
927 3607 1073 3687 martyris
1095 3607 1203 3666 undas.

456 3705 584 3768 Eminus
607 3709 665 3768 hcc
688 3709 785 3770 cantis
808 3714 972 3770 cernentes
994 3727 1105 3789 nempe
1127 3708 1265 3788 pupillis3

458 3809 528 3870 Illic
550 3809 621 3870 vela
643 3811 758 3874 dabant
780 3811 871 3873 citius
893 3829 1065 3892 corpusque
1087 3812 1242 3873 levabant.

377 3979 557 3989 ——n—-n

395 4077 522 4129 ritem
553 4077 650 4120 c.u.S.
677 4077 1021 4133 eraeelenrrs‚hl.u.1’.
1048 4081 1094 4124 319.
1113 4081 1272 4134 present,
1295 4079 1401 4122 ems.

458 4145 506 4189 «Ὧι.
523 4147 666 4202 ριοιΙιΙΗ,
684 4148 708 4193 c.
721 4161 743 4189 ιι.
757 4147 781 4191 8.
808 4147 1138 4203 32⁸1.aeruerat‚ht.a.l³.
