3122 4894
783 469 1021 542 ..254-

831 649 962 712 Thais.

382 752 432 816 Du
463 752 538 814 milii
568 751 751 834 aliquantuli
780 751 913 833 spatium
943 751 1148 834 tempusculi,
1186 755 1225 816 nt
1253 753 1418 836 proiciam

383 873 596 933 mammonam,
618 873 710 938 quam
730 855 811 918 male
834 856 995 918 collectam
1016 855 1068 918 diu
1090 857 1225 920 servavi

769 957 1026 1040 Paphnutius.
1536 984 1537 1026 1

382 1060 431 1125 Ne
454 1060 681 1144 solliciteris⁴⁰)
702 1081 759 1144 pro
793 1079 838 1124 ea
880 1060 951 1124 Non
983 1062 1104 1137 desunt,
1127 1062 1181 1143 qui
1212 1065 1340 1125 utentur
1354 1062 1419 1145 ⁴¹⁸)
1536 1045 1537 1092 1

383 1164 518 1228 inventa.
1536 1165 1537 1168 ’

834 1267 964 1329 Thais.

384 1370 455 1434 Non
485 1372 522 1432 ob
552 1369 585 1432 id
606 1368 768 1445 sollicitor,
797 1371 833 1431 ut
867 1370 920 1431 vel
948 1369 1023 1430 mihi
1055 1387 1199 1445 servare,
1229 1371 1281 1432 vel
1311 1370 1418 1432 amicis

382 1474 498 1536 vellem
519 1472 609 1547 dara,
632 1471 689 1533 sed
710 1491 769 1533 neo
791 1471 900 1552 egenis
922 1491 1016 1534 conor
1039 1473 1236 1555 dispensare,
1259 1474 1418 1553 quianon

383 1577 527 1653 arbitror,
548 1575 682 1658 pretium
703 1573 870 1656 piaculi⁴¹)
881 1577 989 1656 aptum
1009 1595 1080 1638 esse
1102 1575 1143 1637 ad
1165 1595 1242 1657 opus
1263 1577 1416 1639 beneficii.

768 1676 1033 1760 Paphnutius.
1537 1739 1538 1746 ,

383 1782 486 1846 Recte
507 1780 676 1874 arbitraris.
718 1778 762 1843 Et
790 1779 863 1861 quid
885 1780 924 1842 de
947 1780 1103 1862 congestis
1125 1783 1228 1844 actum
1248 1781 1296 1842 ire
1316 1781 1417 1844 medi·
1537 1773 1538 1780 '

259 1903 264 1917 “
383 1886 481 1948 taric?

384 2071 459 2152 Igni
468 2069 511 2153 ⁴²)
533 2069 658 2134 tradere
681 2073 714 2134 ot
733 2069 765 2134 in
787 1967 1099 2152 fardifflsr'eugere.

768 2172 845 2257 Pap
855 2174 904 2236 hn
912 2195 934 2236 u
942 2174 1002 2237 tiu
1009 2194 1033 2236 s.

388 2273 490 2347 Quem
511 2277 549 2338 ob
571 2276 665 2338 rem?

836 2362 963 2424 Thais.

385 2465 433 2528 Ne
455 2464 649 2527 retineantur
669 2464 702 2526 in
721 2463 844 2543 mundo,
867 2483 946 2546 quae
967 2465 1048 2528 male
1069 2462 1231 2546 adquisivi,
1252 2483 1314 2528 non
1344 2465 1415 2526 abs·

386 2587 446 2650 que
467 2567 576 2630 mundi
596 2567 737 2630 Factoris
758 2567 879 2649 injuria.

767 2669 1024 2752 Paphnufius

390 2771 427 2848 O,
450 2769 593 2854 qnam⁴³)
614 2773 732 2834 mutata
754 2791 788 2833 es
810 2775 848 2835 ab
869 2773 939 2849 illa,
962 2791 1041 2853 qnae
1062 2771 1148 2854 prius
1177 2790 1264 2849 eras,
1295 2771 1418 2853 quando

387 2875 503 2938 inlicito
525 2893 629 2937 amore
650 2875 815 2956 flagrabas,
837 2875 986 2954 avaritiae
1008 2876 1111 2937 calore
1133 2876 1313 2937 aestuabas!

841 2976 970 3039 Thais.

387 3080 537 3144 Fortasse
558 3080 699 3141 mutabor
721 3077 754 3140 in
774 3079 894 3157 meiius,
917 3079 944 3140 si
966 3080 1110 3143 annuerit
1130 3080 1225 3143 Deus.

775 3181 1035 3262 Paphnutius.

386 3283 457 3346 Non
480 3284 529 3344 est
550 3281 675 3346 diiiicile
697 3283 870 3348 inmutabili
892 3286 959 3368 ejus
982 3286 1183 3364 substantiae,
1202 3303 1262 3363 res,
1278 3288 1313 3349 nt
1333 3287 1419 3362 hbet,

386 3387 515 3448 mutare.

839 3471 969 3537 Thais.

387 3573 445 3640 Ibo
467 3578 508 3652 et,
530 3593 610 3657 quae
634 3573 777 3658 cogitavi,
800 3595 894 3658 opere
916 3578 1082 3660 complebo.

769 3677 1037 3759 Paphnutius.

389 3778 481 3842 Vade
502 3780 534 3842 in
556 3799 634 3862 pace
656 3780 807 3860 citiusque
828 3780 869 3841 ad
890 3801 940 3842 me
962 3785 1133 3846 revertere.

413 4031 677 4088 &sollicitantia
691 4029 740 4087 bap
759 4031 954 4089 obtunsionis,
969 4036 995 4078 P.
1022 4033 1079 4090 bia)
1093 4039 1238 4090 curantur,
1254 4036 1284 4078 u.
1311 4035 1350 4090 dl)
1366 4036 1419 4090 pir·

408 4144 411 4150 ,
467 4099 1157 4158 animabinpiaouinmu.trdarrlnpiaculo.
1184 4104 1420 4158 ⁴⁴2)¹!³¹⁸‚ffi·3¹¹

465 4169 489 4213 Ρ.
502 4171 552 4216 ista
564 4169 704 4226 gudrun·
714 4168 753 4225 41)
767 4175 908 4228 quautam
922 4176 1012 4226 amau,
1028 4171 1069 4228 ἃς
1081 4171 1156 4214 &ltro
1169 4173 1269 4228 dagam
1282 4171 1321 4214 hat
1334 4183 1419 4226 quam.
