3134 4896
565 511 779 584 ..23-

159 691 232 758 475.
245 691 357 756 Grates
379 691 554 755 Altithrono
574 691 741 755 reddentes
761 693 887 773 peetore
907 690 997 764 laeto,

243 796 299 860 Oui
320 793 437 878 plaonit
457 795 546 875 signo
565 797 682 878 justum
701 797 873 858 monstrare
894 794 1024 857 novello

244 900 317 983 Ipse
339 900 404 976 sed,
426 898 537 960 aetatis
558 919 619 962 non
639 900 786 961 inmemor
805 897 970 972 ulterioris,

244 1005 431 1078 Protestans,
453 1021 597 1084 proceres
618 1022 652 1064 se
671 1004 736 1084 jorn
756 1000 902 1081 genuisse
923 1001 1061 1082 nepotes,

245 1107 361 1188 Magno
381 1110 523 1189 peroerte
544 1106 644 1168 fertur
665 1105 800 1186 rogtiurs
821 1105 939 1187 pudore

155 1209 413 1285 480.Pontifines‚
435 1209 565 1272 Marium
587 1229 646 1290 qno
667 1228 729 1272 non
749 1209 868 1270 veilent
891 1207 948 1270 sibi
967 1206 1134 1291 pulchram,

239 1315 341 1396 Ipsius
362 1315 485 1396 proprio
507 1315 563 1375 sed
584 1331 727 1395 sponsam
747 1313 871 1374 trudere
893 1314 973 1374 nuto.
1052 1305 1068 1392 ’Δ

242 1419 332 1490 Quod
352 1437 421 1478 oum
442 1419 521 1479 forts
535 1420 661 1497 negant,
684 1435 717 1477 se
732 1399 887 1497 signatuin
909 1411 1028 1496 quoque
1041 1418 1177 1492 narrant,

241 1521 310 1584 Nee
331 1521 471 1602 ouiqnem
492 1521 577 1582 orodi
599 1523 736 1582 sonutam
758 1520 871 1582 debere
892 1519 1035 1601 puellam,
1115 1521 1117 1529 “
1157 1513 1174 1538 ”

242 1625 341 1696 Quam
363 1625 429 1700 sibi,
453 1643 544 1704 quem
564 1624 711 1686 Dominus
733 1623 831 1684 solum
852 1622 927 1685 feeit
952 1621 1019 1686 iore
1040 1621 1176 1703 dignum,

154 1726 230 1792 485.
241 1729 384 1790 Exorans
406 1729 482 1789 alins
504 1727 605 1809 eoepit
625 1727 762 1808 rogitare
782 1727 911 1806 puellas,

243 1833 325 1894 Mitti
346 1850 415 1893 oum
436 1830 535 1892 Murio
557 1849 649 1892 eausa
671 1829 824 1892 solaminis
846 1847 931 1909 ergo,

243 1935 340 2012 Quae,
362 1934 460 1996 veluti
481 1935 673 1997 oonnutritae
695 1933 856 2014 sociaeque
878 1951 1021 2008 nouenae,

240 2039 332 2103 Illam
353 2037 495 2118 colloquii
516 2038 631 2100 seirent
651 2037 797 2099 solemius
820 2035 901 2100 dulei

241 2143 369 2222 Absque
390 2160 475 2203 mora
497 2141 656 2215 consolari,
678 2160 718 2201 ne
739 2141 829 2221 virgo
850 2139 960 2223 pudori

157 2243 227 2308 490.
240 2244 379 2326 Conjuge
400 2264 456 2326 pro
478 2244 582 2307 vetuo
604 2245 694 2306 fieret
715 2245 853 2326 subjeote
874 2244 997 2307 tenella.
1074 2239 1076 2246 ’

241 2348 330 2420 Quod
353 2367 425 2410 mox
446 2347 606 2429 pontifiees
628 2349 696 2410 fieri
713 2349 835 2430 jussere
857 2351 1010 2430 parentes.

244 2451 305 2514 Sed
327 2452 428 2513 senior
450 2452 566 2513 frustra
588 2453 755 2515 sudaverat
774 2451 833 2514 istu
854 2452 1000 2533 rogando,

241 2555 310 2617 Non
333 2555 399 2630 sibi,
422 2555 478 2616 sed
494 2553 614 2617 Christo
636 2555 738 2617 fuerat
758 2545 831 2636 quia
843 2552 1055 2638 uirgonioeta.

280 2658 446 2738 Postquam
466 2658 626 2740 pontifioes
647 2641 781 2740 presulis
804 2678 927 2720 cessere
949 2645 1112 2740 preeuntis,

155 2759 227 2824 495.
240 2762 357 2843 Joseph
379 2761 564 2824 servandam
586 2762 721 2844 suseepit
741 2779 873 2842 namque
893 2762 1027 2845 puellam

238 2865 281 2927 Et
300 2865 556 2946 paritsr'missas,
577 2866 610 2927 ni
631 2865 730 2940 fallor,
753 2865 887 2949 quinque
909 2865 1038 2948 puellas,

239 2968 377 3039 Quarum
398 2969 442 3030 sio
460 2989 540 3050 ergo
563 2969 731 3032 ereduntur
751 2969 875 3033 uomina
895 2968 993 3032 diota:

239 3071 444 3154 sephiphona,
467 3071 569 3147 zobel,
593 3071 741 3148 Susanna,
764 3066 916 3146 Rebecca,
938 3072 1070 3154 Abigea,

241 3175 317 3246 Quis
340 3196 416 3256 opus
438 3177 477 3236 ad
498 3175 603 3257 templi
624 3176 806 3258 pertingens
827 3195 958 3258 namque
980 3175 1093 3238 saorati

151 3275 224 3342 500.
238 3277 384 3340 Traditur
405 3281 545 3340 ornatum
568 3275 703 3342 studiose
724 3279 952 3362 perficiendum,
973 3268 975 3273 ’

238 3382 379 3464 Purpura
402 3402 470 3444 oum
492 3385 593 3464 bysso,
616 3382 712 3444 linum
733 3403 802 3444 eum
823 3385 940 3446 vellere
962 3402 1081 3462 serumr

238 3485 379 3567 Purpura
400 3486 455 3548 sed
477 3488 602 3548 unctae
624 3487 749 3566 fulgens
771 3487 926 3566 operanda
947 3485 1066 3550 Mariae

238 3585 381 3650 Creditur
402 3589 442 3650 ad
462 3590 567 3651 velum
587 3589 708 3651 Domini
729 3589 836 3671 templi
856 3590 1031 3670 pretiosum.

279 3691 338 3753 His
360 3711 623 3774 superappensae
645 3695 827 3774 praesentes
849 3693 964 3774 qnippe
982 3693 1106 3776 puellas

151 3790 226 3857 505.
239 3793 402 3876 obprobrii
423 3813 515 3858 nauso
537 3796 684 3858 dixerunt
704 3795 807 3858 taliter
829 3815 919 3877 ergo:

238 3897 337 3974 „Num
358 3902 390 3961 te
411 3899 552 3979 reginam
573 3901 692 3962 onustat
713 3902 783 3982 post
803 3900 880 3964 hoen
901 3900 968 3964 foro
989 3903 1133 3976 nostrum,

240 4000 330 4078 „Jam
351 4003 487 4065 texenda
509 4003 563 4066 tibi
585 4003 656 4085 quia
676 4022 814 4088 purpura
834 4004 970 4068 ereditur
990 4005 1052 4083 nni,

156 4159 336 4170 m

95 4251 99 4263 ·
178 4237 223 4282 0¹18-
241 4251 265 4281 se
280 4242 434 4296 genuisse,
451 4241 489 4294 M„
508 4253 532 4284 se
549 4244 752 4299 progenuisse,
768 4241 792 4286 c.
806 4253 829 4285 u.
846 4241 885 4294 S.,·
901 4243 925 4288 P.
940 4243 1108 4300 tentantium.
