3134 4896
793 461 1007 528 ...69-

478 635 621 714 „Omnem
643 653 785 712 oceanus,
808 639 928 717 gentes,
951 657 1027 718 quas
1050 637 1158 699 circuit
1178 637 1267 698 altus.

484 738 575 816 „Sed
598 759 677 822 quae
700 737 846 801 Gallicics
867 740 982 801 retinet
1000 739 1111 800 fiducia
1131 742 1246 822 captos,

482 843 624 919 „Nescia
646 843 796 924 gratiolae
817 845 967 924 respuant
988 826 1023 903 ut
1043 843 1171 904 foedera
1190 847 1315 905 nmtrae

477 945 537 1021 „at
557 946 683 1008 tandem
703 947 819 1007 veteris
842 946 905 1006 sint
926 947 1040 1024 ingrati
1059 946 1192 1026 pietatis.

402 1044 472 1123 110,
487 1047 627 1124 „Restat
649 1052 684 1110 ut
706 1049 830 1109 armatis
851 1052 1027 1130 repetamus
1050 1048 1162 1130 qnippe
1184 1048 1310 1110 lacertis

479 1146 657 1227 „Gallioioa
680 1151 785 1212 hostes
807 1151 953 1230 agitando
975 1151 1055 1211 fonte
1077 1150 1219 1225 rebelles,

447 1301 451 1309 .
476 1253 611 1328 „Donec
634 1273 676 1314 ex
697 1254 811 1314 nostris
833 1253 922 1313 strati
942 1272 1000 1333 per
1019 1253 1124 1313 secula
1144 1253 1225 1326 telis,

477 1353 594 1432 „Inviti
616 1356 730 1419 nostris
752 1357 941 1416 summittant
964 1355 1042 1415 colla
1064 1354 1217 1416 catenisl“

512 1457 603 1518 ¹Haec
632 1460 795 1539 postquam
819 1459 917 1538 jactat
932 1475 1118 1536 causamque
1141 1457 1203 1518 doli
1224 1458 1423 1530 memorabat,
1552 1459 1553 1462 ’

402 1555 472 1620 115.
488 1556 585 1622 Iussit
607 1560 744 1622 collectis
766 1561 881 1640 vulgus
903 1579 1088 1620 concurrere
1109 1560 1227 1634 turmis,

483 1662 648 1724 Armorum
669 1663 765 1725 variis
785 1664 968 1724 instructum
990 1663 1122 1740 denique
1145 1662 1251 1740 signis,

480 1763 634 1844 Pergeret
655 1769 690 1827 ut
712 1769 837 1845 gentem
858 1784 963 1826 secum
985 1765 1091 1824 delere
1113 1764 1245 1838 fidelem,

466 1865 687 1947 ·Ostentatque
709 1888 797 1929 suum
820 1871 972 1947 gemmato
995 1866 1115 1927 casside
1137 1867 1264 1940 vultum,

477 1967 596 2030 Ferrea
617 1970 744 2031 lascivis
765 1972 915 2052 inponens
938 1970 1074 2049 tegmina
1095 1969 1247 2030 membris.

397 2067 467 2132 120.
484 2070 553 2131 Tali
575 2091 705 2152 cumque
726 2075 826 2136 locum
848 2077 970 2154 peteret
990 2091 1102 2154 pompa
1123 2073 1322 2132 memoratum

484 2171 526 2234 Et
548 2178 673 2253 gentem
692 2176 790 2256 primo
813 2179 978 2256 temptaret
1000 2176 1132 2254 denique
1154 2175 1245 2248 bello,

477 2273 635 2360 Extimplo
658 2279 777 2338 tantum
796 2279 923 2339 sortitur
945 2297 1076 2357 namque
1097 2277 1292 2358 triumphum,

479 2377 522 2442 Ut
539 2382 604 2461 jam
627 2380 672 2440 bis
695 2399 787 2442 senos
809 2399 870 2442 una
893 2400 963 2442 cum
984 2379 1122 2460 principe
1145 2383 1250 2459 captos

476 2482 631 2562 Illaqueat
652 2485 786 2558 comitae,
809 2484 884 2544 artis
907 2482 1092 2561 stringitque
1114 2483 1239 2542 catenis.

392 2578 466 2644 125:
519 2565 762 2667 Hispanorum
784 2586 923 2667 dampnis
945 2604 1058 2664 magna
1081 2585 1204 2646 feritate
1226 2584 1351 2665 paratis,

474 2685 576 2748 Cessit
596 2689 679 2748 victa
700 2690 764 2750 suis
786 2688 932 2749 fidissima
954 2708 1031 2767 gens
1053 2687 1192 2761 inimicis,

477 2787 624 2850 Subditur
646 2796 738 2870 atque
757 2792 833 2870 jugo
855 2791 997 2871 perversi
1016 2789 1101 2868 regis
1122 2790 1235 2868 iniquo.

471 2873 569 2966 Tunc,
590 2896 763 2954 restaurato
785 2913 893 2953 rursus
917 2912 1038 2972 quoque
1061 2893 1187 2953 foedere
1209 2891 1315 2972 primo,
1339 2889 1341 2892 ’

475 2989 563 3054 Loris
585 2996 758 3075 procedunt
777 2996 873 3056 vincti
897 2996 1021 3056 comites
1045 2995 1178 3056 duodeni

390 3092 460 3157 130.
473 3094 549 3158 Cum
570 3100 749 3179 concaptivo
770 3098 845 3160 victi
866 3101 987 3158 rectore
1009 3097 1130 3179 popelli.

475 3199 536 3270 Qui
559 3200 647 3261 citius
668 3201 778 3262 vinclis
801 3200 1012 3261 dissolvuntur
1034 3199 1186 3274 resolutio,

473 3300 620 3383 Exempli
640 3304 784 3386 propriae
806 3304 905 3384 pretio
928 3323 1025 3383 gazae
1047 3322 1217 3376 numerose,

474 3402 538 3465 Sed
553 3405 645 3466 ducis
669 3409 717 3468 est
738 3407 870 3488 pretium
887 3409 978 3487 jussu
999 3407 1084 3485 regis
1107 3406 1301 3487 duplicatum,

472 3506 563 3570 Ultra
585 3528 676 3589 quam
696 3510 828 3591 propriis
849 3512 955 3590 posset
976 3510 1154 3590 persolvere
1177 3509 1272 3588 gazis,

392 3605 461 3670 135.
477 3607 686 3693 Oumqnevsui
709 3631 802 3674 causa
823 3613 893 3690 regi
916 3612 1054 3671 deferret
1075 3629 1178 3686 avaro,

473 3713 561 3783 Quae
583 3716 657 3794 quid
678 3717 793 3776 habere
815 3715 896 3774 domi
918 3714 1039 3774 sibimet
1060 3715 1162 3775 suevit
1183 3712 1319 3796 pretiosi,

475 3814 555 3877 Casu
578 3819 710 3878 condicti
732 3835 862 3898 parvum
884 3800 957 3897 guid
978 3816 1077 3877 defuit
1098 3816 1172 3877 auri.

473 3918 564 3988 Quod
604 3939 663 3980 rex
691 3920 878 3996 sentiscens,
919 3919 1058 3980 fraudem
1089 3939 1210 4000 quoque
1237 3922 1339 3980 mente
1363 3939 1414 3980 re·

1227 4023 1368 4097 volvens,

397 4089 577 4118 '—.......-

414 4172 457 4216 lat
471 4175 583 4230 potnit,
598 4173 622 4217 c.
639 4185 661 4220 11.
677 4171 699 4216 S.
734 4137 782 4220 130.Ι
797 4171 860 4216 Quae
874 4171 1002 4228 quidem,
1020 4173 1043 4215 c.
1059 4185 1082 4218 n.
1095 4171 1119 4215 S.
1152 4163 1195 4219 lat.
1211 4173 1323 4227 crure,
1337 4172 1362 4214 S·

190 4854 203 4857 ,,
304 4724 435 4858 ,ι
596 4690 695 4811 ²⁸²²
792 4530 1042 4858 ss
