3138 4888
547 522 783 610 ..179-

589 705 749 771 Hirena

151 815 194 879 Et
215 834 293 898 quae
315 814 495 876 inhonestas
516 811 652 892 turpior,
681 829 761 891 quae
783 811 941 894 turpitudo
962 814 1070 895 major,
1092 831 1184 895 quam

152 939 261 982 servos
282 917 428 981 venerari
448 918 484 977 ut
505 914 666 977 dominos?
681 913 720 995 ¹⁰)

527 1017 815 1079 Diocletianus.

152 1125 223 1188 Non
246 1125 362 1186 suadeo
385 1123 441 1186 tibi
460 1120 608 1184 uenerari
630 1139 752 1196 servos,
782 1121 838 1182 sed
860 1121 1051 1187 dominorum
1072 1123 1184 1207 prinoi-

152 1249 286 1311 pumque
309 1228 392 1289 deos.

587 1327 752 1389 Hirena.

152 1433 263 1497 Nonne
285 1435 311 1496 is
335 1435 383 1496 est
404 1431 541 1514 cujusvis
564 1450 684 1508 servus,
707 1433 759 1514 qui
781 1434 819 1495 ab
842 1433 959 1496 artifice
981 1435 1082 1518 pretio
1105 1454 1185 1498 com-

152 1542 290 1622 paratur,
312 1540 347 1600 ut
368 1535 552 1617 empticius?

521 1637 814 1702 Diocletianus.

153 1745 255 1828 Hujus
276 1743 486 1828 praesumptio
508 1741 704 1803 verbositatis
725 1743 863 1808 tollenda
886 1747 934 1806 est
954 1745 1121 1832 suppliciis

593 1843 753 1908 Hirena

153 1951 222 2015 Hoc
256 1957 412 2034 optamus,
442 1949 501 2012 hoc
530 1949 756 2031 amplectimur,
790 1952 826 2013 ut
855 1971 913 2034 pro
941 1949 1056 2014 Christi
1083 1970 1187 2028 amors

156 2056 312 2138 suppliciis
334 2056 515 2117 laceremur.

520 2156 814 2220 Diocletianus.

154 2261 240 2324 Istae
263 2265 458 2324 contumaces
485 2261 662 2344 nostrisque
692 2263 826 2324 decretis
849 2262 1111 2325 contraluctantes
1136 2281 1186 2324 ca-

153 2366 235 2427 tenis
255 2367 440 2427 inretiantur
453 2366 492 2448 ¹¹)
515 2368 548 2425 et
568 2365 608 2424 ad
631 2383 763 2426 examen
784 2365 911 2428 Dulcitii
942 2365 1096 2454 praesidis
1129 2365 1187 2442 sub

157 2469 307 2530 carcerali
328 2469 471 2549 squalore
493 2470 668 2530 serventur.

567 2707 782 2772 Dulcitius.

155 2811 330 2892 Producite‚
352 2813 474 2890 milites,
496 2813 666 2895 producite,
689 2832 766 2894 quas
787 2812 901 2876 tenetis
921 2812 954 2876 in
976 2815 1118 2876 carcerei

589 2935 756 3000 Milites.

156 3037 248 3116 Ecce,
271 3057 348 3120 quas
369 3041 517 3110 vocastil.

568 3143 783 3212 Dulcitius.

158 3243 276 3326 Papae!
300 3264 391 3326 quam
418 3246 582 3329 pulchrae,
612 3266 704 3328 quam
723 3250 891 3325 venustae,
920 3265 1012 3330 qm
1041 3244 1189 3330 W

158 3350 328 3429 puellulael

591 3435 756 3502 Milites.

158 3534 305 3602 Perfecto
319 3539 357 3621 ¹²)
381 3539 520 3602 decorae.

570 3644 786 3706 Dulcitius.

161 3741 276 3826 Captus
298 3765 367 3808 sum
386 3747 509 3810 illarum
531 3749 643 3831 specie.

161 3901 368 3914 ——....

189 3983 226 4038 lt)
239 3983 302 4026 olen
315 3997 377 4039 unp.
391 3985 420 4030 lor
432 3984 491 4031 cod:
505 3997 571 4040 qnam
584 3990 610 4030 nt
622 3997 702 4029 servos
715 3988 835 4028 veneretur
847 3990 874 4028 nt
886 3983 997 4026 damtuna
1024 3983 1066 4028 Dte
1073 3983 1193 4028 curratur

241 4053 269 4094 lat
279 4055 319 4098 alt.
338 4055 383 4109 Mg.
397 4059 469 4098 aetat:
485 4061 584 4110 quisunt
599 4068 677 4099 senos
693 4056 845 4098 venereris
859 4059 885 4098 nt
898 4055 1008 4099 dominos.
1035 4055 1060 4098 P.
1076 4059 1100 4096 ut
1113 4067 1192 4097 senos

240 4126 373 4166 venerartut
383 4125 491 4166 dominos.
510 4125 583 4180 llJSo
593 4125 636 4181 Μ.;
650 4124 900 4179 iss-trutissant).
909 4123 962 4168 ιδ.
975 4123 1068 4167 Dulclttl
1079 4135 1192 4178 praesu-

240 4191 290 4302 lcts,
303 4192 364 4303 css.
379 4193 403 4241 8.
417 4207 436 4241 a
450 4197 501 4250 siaa
516 4195 651 4242 sutoro·
664 4195 822 4250 praesulis,
837 4195 863 4238 Ρ.
891 4197 929 4250 tt)
941 4193 972 4236 Se
986 4193 1034 4252 lte
1045 4193 1193 4244 protenso,

259 4288 266 4302 1
278 4273 300 4303 u·
335 4292 341 4306 ι
1014 4302 1017 4310 v

383 4339 390 4352 .
918 4315 986 4380 12*
