3144 4888
753 451 992 518 ..1oe-

783 627 921 689 Julian
928 647 949 688 u
956 647 981 687 s.

365 735 435 798 Nou
456 699 579 806 nescio,
601 751 676 806 vos,
698 729 858 792 Iohannes
879 733 912 790 et
931 730 1038 806 Paule,
1059 749 1080 791 a
1101 731 1263 792 cunabulis
1284 730 1396 812 Augu-

364 841 483 900 storum
492 835 534 918 ἰ)
554 835 743 916 mancipatos
763 833 861 894 fuisse
883 835 1037 913 obsequio.

768 935 983 998 Johaunea

366 1025 503 1090 Fuimus.

783 1107 980 1170 Juhanus

365 1213 457 1280 Unde
478 1213 578 1285 decet,
609 1215 653 1306 ut,
684 1231 753 1274 meo
773 1211 972 1273 inhaerentes
992 1213 1092 1287 lateri,
1124 1209 1270 1274 serviatis
1289 1213 1321 1274 in
1341 1231 1398 1294 ps-

366 1316 449 1392 latio,
471 1315 502 1376 in
523 1335 583 1397 quo
605 1315 713 1376 nutriti
735 1315 810 1376 ostis
832 1333 851 1374 a
872 1335 979 1395 puero.

798 1417 961 1479 Paulus.

367 1505 455 1569 Haut
474 1505 655 1568 serviemus.

781 1588 801 1651 J
809 1591 921 1653 alian
929 1611 982 1652 us.

366 1693 526 1776 Minium)
547 1713 609 1756 nou
631 1691 798 1756 servietis?

776 1795 993 1859 Iohannes

367 1884 519 1948 Diximus.

788 1967 985 2031 JuHanus

367 2072 449 2136 Num
470 2091 532 2134 nou
553 2071 661 2134 videor
674 2069 715 2152 ⁸⁴)
737 2069 922 2152 Augustus?

742 2191 746 2200 ’
801 2176 960 2238 Paulus.

367 2277 432 2344 sed
455 2277 611 2340 dissimilis
632 2277 792 2362 prioribus

781 2372 984 2444 Juhanus

365 2469 405 2532 In
427 2471 511 2552 quo?

772 2554 992 2630 Johannea

365 2639 530 2724 Religionis
552 2643 585 2702 et
606 2640 725 2702 merito.

782 2743 975 2806 Juhanus
1050 2755 1056 2762 “

364 2829 488 2892 Vellem
509 2829 631 2912 plonius
653 2829 768 2892 audire.

801 2932 955 2994 Paulus.

363 3035 458 3119 Εἴθ’)
481 3036 623 3098 volumus
646 3034 759 3096 dicere.
793 3032 1012 3096 Gloriosissimi
1034 3037 1065 3096 et
1087 3035 1280 3100 famosissimi
1301 3038 1396 3120 impe-

364 3143 486 3204 ratores
514 3137 749 3214 Constantinus,
781 3135 931 3200 Constans
965 3140 997 3198 et
1027 3135 1233 3216 Constantius,
1267 3159 1397 3220 quornm

363 3242 588 3304 famulabamur
609 3241 746 3321 imperio,
769 3241 857 3302 fuere
879 3241 940 3302 viri
963 3241 1206 3304 christianissimi
1229 3246 1261 3304 et
1282 3245 1395 3323 gloria-

362 3345 483 3420 bantur,
507 3363 540 3406 se
560 3361 668 3406 servos
691 3363 761 3407 esse
784 3342 905 3408 Christi

780 3448 973 3512 ronanus
1102 3510 1106 3517 ,

362 3549 496 3628 Memini,
519 3549 658 3615 sednon
681 3554 762 3635 opto,
786 3553 892 3614 cosin
915 3552 1025 3635 hocff)
1047 3553 1143 3632 sequi.

789 3655 959 3717 'Paulus

360 3759 523 3824 Deteriora
553 3759 689 3822 imitaris.
734 3757 794 3828 oui
824 3757 971 3820 ecclesias
1001 3757 1241 3836 frequentabant
1273 3765 1314 3834 ct,
1337 3781 1393 3824 ex-

361 3883 451 3928 cusso
475 3863 657 3938 diademata,
680 3861 827 3946 prostrati
850 3859 958 3922 Jcsum
980 3857 1134 3921 Christum
1157 3859 1334 3926 adorabant
1378 3886 1382 3898 ¹
1425 3925 1428 3934 ,

385 4101 424 4156 62)
440 4067 471 4146 Μ
485 4099 523 4147 hat
537 4099 598 4144 alsit
612 4097 830 4154 sasimorum,
845 4110 862 4137 s.
877 4095 923 4150 Mg.
938 4109 960 4150 p.
974 4097 1007 4142 bi.
1027 4095 1089 4138 ann.
1103 4105 1123 4135 a
1151 4096 1189 4151 63)
1202 4096 1283 4152 Mihi,
1299 4102 1324 4144 c.
1350 4103 1390 4157 sa)

438 4169 579 4228 vitemur,
595 4167 681 4215 Cras.
708 4166 793 4227 §hm
808 4165 864 4208 fehlt
877 4167 898 4205 fn
916 4163 1063 4224 c.‚s.u.M;.
1089 4165 1127 4218 66)
1142 4165 1163 4206 iu
1180 4165 1222 4208 hcc
1239 4179 1285 4223 cos,
1301 4169 1392 4216 Qus,

486 4550 689 4838 n
833 4332 1200 4836 fn
