3080 4892
751 434 989 536 4314-

376 647 379 652 '
437 644 481 710 Ut
503 644 621 722 credas,
643 665 753 726 regem
773 646 874 708 David
896 665 1031 726 regnare
1053 648 1185 722 fidelem,

359 807 364 818 ,
442 748 512 810 lam
533 769 615 810 nunc
637 749 772 830 antiquis
794 751 966 828 fulgentem
987 753 1047 812 rite
1069 752 1240 834 triumphis,

437 851 505 914 Nec
527 853 626 914 solum
648 855 759 932 gentes
782 853 879 913 irenis
900 855 1041 918 moderat
1062 856 1217 930 bonitatis,

351 950 424 1018 215.
439 955 527 1025 Quae
549 957 635 1038 prius
656 956 785 1037 imperio
806 959 904 1038 patris
926 957 1079 1020 dederant
1099 977 1157 1020 sua
1179 959 1267 1034 colla,

440 1058 502 1120 Sed
523 1058 619 1120 multo
640 1060 746 1140 plures
768 1063 854 1120 certe
875 1061 935 1122 sibi
955 1062 1094 1124 vindicat
1114 1063 1191 1142 ipse,

438 1161 580 1224 Subdens
603 1162 737 1242 gentiles
761 1161 875 1224 christi
897 1165 998 1226 servis
1019 1165 1171 1239 nationes,

439 1265 508 1335 Quo
530 1285 594 1348 par
617 1267 767 1327 ecclesiae
789 1267 880 1328 fieret
900 1267 1038 1328 stabilita
1060 1271 1209 1330 sacratae.

436 1368 488 1430 dd
507 1370 623 1431 bellum
645 1373 731 1430 certe
754 1370 874 1450 quoties
895 1373 1093 1452 processerat
1114 1372 1192 1452 ipse,

350 1467 422 1532 220.
436 1471 506 1533 Non
528 1473 588 1534 luit
608 1473 749 1554 populus,
774 1473 913 1552 quamvis
934 1474 1051 1534 virtute
1074 1476 1236 1554 superbus,

435 1574 577 1636 Laedere
599 1576 652 1654 qui
673 1579 779 1656 posset
800 1577 853 1637 vel
876 1595 1068 1661 exsuperare
1089 1579 1213 1639 valeret

436 1677 543 1761 Ipsum
566 1679 709 1740 coelestis
732 1679 843 1740 fultum
865 1680 1012 1740 solamine
1034 1681 1136 1760 regis3

435 1780 514 1862 Ejus
534 1801 593 1843 nec
616 1783 710 1843 cessit
731 1783 801 1843 telis
824 1783 980 1844 exercilus
1002 1784 1082 1858 ullis,

435 1884 476 1945 Ni
498 1903 555 1946 sua
576 1885 752 1966 spernendo
775 1886 880 1947 forsan
902 1887 1021 1965 regalia
1039 1888 1129 1968 jussa

350 1982 423 2048 225.
438 1986 508 2049 Illic
529 1990 694 2068 pugnaret,
718 2007 777 2068 qno
799 2009 859 2048 rex
880 1989 961 2049 idem
982 1991 1172 2071 prohiberet

435 2157 479 2220 At
501 2158 566 2220 dux
587 2158 753 2234 Henricus,
776 2161 874 2222 frater
895 2161 980 2241 regis
1002 2161 1209 2236 venerandus,

432 2262 582 2344 Princeps
603 2263 635 2323 in
657 2284 755 2343 regno
778 2264 880 2326 luerat
901 2273 975 2326 tunc
996 2285 1107 2347 nempe
1130 2265 1233 2344 quieto

433 2366 509 2428 Post
529 2386 646 2446 regem,
668 2368 751 2450 plebi
773 2369 882 2429 meritc
904 2368 1092 2429 venerabilis
1114 2368 1211 2445 omni;

353 2463 359 2468 ’
435 2468 497 2540 Qui
519 2470 577 2531 sibi
598 2471 750 2550 condigne
772 2472 869 2550 legali
888 2473 994 2553 junxit
1015 2491 1119 2533 amore

349 2568 422 2634 230.
438 2573 561 2634 Arnulli
582 2583 694 2648 natam,
718 2575 804 2636 ducis
827 2576 956 2655 egregii,
979 2593 1172 2655 generosam,

434 2676 565 2738 Nomine
588 2675 746 2752 Judittam,
768 2679 874 2739 vultus
896 2679 1060 2759 splendore
1084 2696 1243 2739 coruscam

433 2779 482 2842 Ac
505 2781 628 2861 fulgore
649 2776 756 2860 magis*
771 2785 900 2842 cunctae
922 2782 1050 2843 nitidam
1071 2781 1224 2843 bonitatis.

432 2883 491 2944 His
513 2884 556 2946 ita
579 2885 717 2964 digestis,
740 2885 844 2946 fuerat
864 2903 927 2965 pax
949 2885 1085 2963 undique
1107 2884 1222 2946 nostris

431 2987 482 3048 Ad
502 2990 623 3068 tempus
645 2988 798 3048 modicum
819 2989 964 3064 libitoque
986 2986 1087 3046 minus
1109 2987 1302 3068 populorum,

344 3087 418 3153 235.
433 3092 591 3152 Bellorum
613 3093 697 3152 certe
720 3109 814 3150 saevo
836 3089 982 3167 clangore
1004 3091 1138 3150 tacente.

436 3261 462 3324 Ο
486 3279 577 3342 quam
598 3262 798 3341 tranquillum
819 3261 925 3322 ridens
948 3262 1118 3322 deduceret
1138 3280 1251 3322 aarum

430 3367 603 3429 Fortunata
624 3367 700 3428 satis
721 3371 846 3428 nostrae
867 3385 919 3425 res
940 3365 1064 3446 publica
1085 3365 1197 3443 gentis,

338 3515 342 3520 -
430 3470 519 3542 Quae
540 3470 630 3532 nimis
651 3469 778 3552 imperio
800 3469 885 3548 regis
905 3467 1027 3546 regitur
1049 3467 1207 3548 sepientis,

429 3573 545 3636 Sinon
567 3573 685 3654 antiqui
706 3573 788 3634 mala
809 3571 961 3632 calliditas
983 3571 1096 3630 inimici

342 3675 414 3740 240.
430 3677 584 3739 Turbaret
604 3681 745 3739 nostrum
767 3681 889 3736 secreta
910 3675 1020 3734 fraude
1042 3677 1199 3734 serenum!

427 3781 568 3861 Denique
592 3780 721 3841 devictis
743 3779 935 3857 aligenorum
956 3778 1035 3838 bene
1057 3777 1137 3852 telis,

342 3921 521 3930 -u---—-

366 3984 485 4029 aluum
491 3993 575 4035 ooooo
588 3981 635 4023 l'ta.
662 3981 710 4025 ⁴118.
725 3980 814 4031 flere,
828 3979 872 4030 la,
896 3979 1105 4032 eoennonnprffl.
1131 3979 1376 4022 secunus-erat

424 4053 536 4107 populus,
552 4051 585 4104 (2,
601 4050 627 4091 R.
641 4063 664 4092 u.
678 4049 702 4092 S,
729 4049 776 4091 229.
793 4049 901 4099 vinxit,
916 4048 940 4090 Ρ,
967 4047 1015 4091 all.
1030 4047 1244 4102 alienigendm,
1259 4049 1293 4100 c.‚
1307 4049 1332 4090 R
1349 4063 1373 4094 ιι,

426 4121 466 4174 84
483 4122 507 4165 Ρ.
522 4121 582 4162 unas
596 4117 755 4172 umprdnglirh
770 4116 988 4170 unaimgesehriebeu
1005 4129 1018 4156 a
1026 4117 1033 4156 l
1042 4117 1137 4170 igno,
1157 4117 1195 4158 fur
1207 4118 1248 4158 du
1268 4119 1294 4159 ιΙ
1303 4119 1373 4160 ieni-

425 4201 523 4244 ‘suum
538 4189 572 4232 als
587 4189 706 4231 Concolor
719 4200 748 4230 an
762 4186 873 4228 deuitand
886 4189 971 4239 gesetzt
984 4185 1067 4228 surde.

342 4374 1101 4874 usn
