3122 4894
561 479 802 546 ...231-

164 747 242 820 Quis
263 763 448 826 umquamne
469 654 603 826 peccatd
612 656 888 820 biddtagmnmss
916 741 979 804 nisi
1010 741 1094 812 solus
1115 739 1196 804 silius

162 849 328 928 Virginis?

618 929 754 993 Maria.

161 1021 283 1084 Nullus.

574 1101 781 1164 Abraham.

162 1195 341 1272 Humanum
363 1210 412 1269 est
433 1225 573 1288 peccare,
597 1189 781 1267 diabolicum
803 1203 902 1286 esim)
923 1204 955 1265 in
981 1203 1118 1286 peccatis
1140 1204 1195 1266 du·

162 1333 243 1392 rare,
274 1332 332 1373 nec
359 1313 430 1392 jure
457 1309 704 1391 reprehenditur,
735 1309 787 1389 qui
817 1309 917 1372 subito
947 1305 1037 1385 cadit,
1066 1308 1122 1369 sed
1144 1307 1196 1388 qui

167 1417 254 1478 eitius
277 1433 407 1494 surgere
429 1413 578 1492 neglegit.
610 1429 614 1436 '

160 1605 200 1667 ur
221 1604 295 1666 mni
316 1602 447 1664 inferrer!
602 1512 739 1576 Mam

572 1685 782 1747 Abraham.

162 1793 224 1856 Cur
247 1791 387 1854 decidis?
417 1788 480 1852 Cur
508 1789 540 1849 in
568 1790 655 1851 terra
680 1789 767 1868 ja'ces
788 1785 964 1849 inmobilis?
997 1785 1131 1869 Erigere
1153 1789 1194 1865 eh,

163 1915 243 1978 quae
265 1896 374 1970 dicam,
396 1894 529 1975 percipe.

614 1975 745 2037 Maria.

162 2085 285 2148 Pavore
315 2101 465 2144 concussa
495 2081 612 2154 corrui,
643 2080 714 2161 quia
742 2079 807 2141 vim
838 2080 990 2161 paternae
1021 2078 1195 2144 monitionis

160 2190 245 2251 ferre
269 2186 403 2266 nequivi.

576 2269 781 2332 Abraham.

163 2375 300 2440 Attende
321 2375 383 2437 mei
403 2374 435 2436 in
457 2377 489 2437 te
512 2373 706 2435 dilectionem
728 2375 761 2434 et
782 2371 902 2452 depone
923 2369 1072 2432 timorem

609 2475 748 2536 Maria.

160 2582 297 2662 Nequeo.

571 2663 781 2724 Abraham.

161 2769 272 2834 Nonne
295 2768 342 2830 tui
364 2786 458 2828 causa
480 2765 716 2826 desiderabilem
743 2763 839 2826 eremi
871 2761 1090 2834 habitationem
1122 2766 1195 2830 reli-

163 2873 215 2954 qui
244 2891 425 2950 omnemque
438 2870 477 2951 ⁵¹)
507 2869 662 2950 regularis
693 2868 921 2931 observantiam
951 2869 1194 2931 conversationis

160 2959 263 3056 paene
281 2974 439 3048 evacuavi,
451 2974 483 3035 in
494 2975 622 3046 tantum,
641 2974 677 3034 ut
696 2992 763 3054 ego,
779 2974 870 3033 vetus
882 2971 922 3052 ω)
942 2971 1114 3049 eremicola,
1131 2973 1194 3034 fee-

160 3082 211 3138 tus
232 3097 301 3138 sum
322 3076 549 3137 lascivientium
572 3077 711 3152 conviva,
735 3078 775 3152 et,
798 3076 850 3154 qui
872 3075 924 3135 diu
946 3075 1067 3136 silentio
1090 3076 1194 3136 stude-

161 3183 239 3252 bam,
266 3179 419 3260 jocularia
448 3180 560 3254 verba,
589 3199 629 3238 ne
652 3197 849 3258 agnoscerer,
879 3179 1097 3260 proferebam?
1132 3176 1194 3242 Cur

161 3283 293 3344 demisso
306 3282 368 3364 m)
387 3283 478 3344 vultu
499 3283 616 3342 terram
636 3281 785 3362 inspicis?
809 3279 872 3342 Cur
892 3282 1108 3364 respondendo
1131 3303 1194 3346 me-

164 3405 234 3446 cum
255 3387 352 3446 rerba
373 3385 502 3446 miscere
525 3384 727 3464 dedignaris?

193 3544 197 3552 ,
614 3483 747 3548 Maria.

162 3572 285 3654 Proprii
307 3573 495 3634 conscientia
516 3574 621 3633 reatus
644 3571 829 3646 confundor,
852 3570 921 3632 ideo
943 3591 1002 3632 neo
1025 3573 1128 3635 oculos
1152 3573 1194 3636 ad

163 3676 282 3737 eoelum
303 3677 420 3752 levare,
442 3695 501 3736 nec
523 3695 696 3736 sermonem
718 3678 819 3736 tecum
841 3693 1003 3757 praesumo
1020 3695 1193 3739 conserere.

159 3863 232 3926 Noli
252 3858 401 3940 diffidere,
424 3863 495 3939 filia,
515 3778 781 3947 noliAddispididiZ
792 3865 849 3926 sed
871 3885 996 3947 emerge
1019 3867 1058 3928 de
1080 3865 1192 3948 abysso

164 3967 389 4048 desperationis
412 3969 444 4028 et
465 3967 527 4046 fige
550 3967 582 4028 in
603 3968 669 4030 Deo
693 3988 780 4051 spem
800 3969 922 4032 mentis.

189 4121 228 4172 ⁵⁰)
241 4120 375 4160 diabolicum
395 4122 450 4171 snt,
471 4118 527 4160 fehlt
541 4121 562 4159 in
578 4118 610 4170 c.‚
631 4117 654 4162 S.
668 4131 690 4161 n.
706 4119 750 4173 Mg.
778 4121 816 4171 hi)
832 4129 949 4173 omnem,
965 4121 990 4167 0.
1005 4132 1028 4166 u.
1046 4119 1070 4165 S.
1097 4121 1136 4176 aa)
1155 4131 1192 4164 ve-

241 4198 304 4242 ruo,
321 4187 354 4243 0.,
370 4186 393 4228 S.
407 4199 430 4233 n.
445 4187 490 4246 ΜΕ.
518 4189 575 4242 ⁵20)
592 4188 722 4246 dimisse,
737 4188 775 4246 M„
791 4188 815 4237 C.
832 4199 855 4234 u.
870 4186 895 4232 S.
