3080 4892
556 459 794 535 ...349...

246 647 413 729 Temperat
435 647 527 728 atque
550 663 639 708 suum
661 665 723 708 non
745 649 833 708 sueto
855 667 941 709 more
962 647 1108 724 rolatum,

156 749 230 814 270.
246 750 358 814 Posset
378 753 414 812 ut
435 769 544 813 aereos
567 750 683 813 directo
706 751 829 812 tramite
852 751 954 814 sulcos

246 854 323 920 Cum
345 855 435 920 sociis
458 854 628 935 gradiendo
651 854 740 934 sequi
759 855 946 934 virguncula
968 853 1090 921 Christi

244 959 382 1042 Cumque
405 960 544 1023 columba
565 958 667 1020 locum
688 958 823 1020 volitans
844 960 985 1024 venisset
1006 963 1046 1022 ad
1066 963 1162 1040 illum,

243 1067 345 1138 Quem
365 1083 448 1126 nunc
469 1083 530 1124 non
553 1063 692 1124 sterilem'
711 1063 831 1142 magnis
859 1064 972 1125 scimus
995 1065 1062 1127 sore
1083 1069 1190 1150 petris,

241 1169 442 1232 Descendens
464 1169 580 1228 terram
601 1169 702 1227 rostro
724 1169 923 1248 percusserat
943 1167 1038 1244 illam,

154 1271 228 1336 275.
244 1271 308 1336 Sub
331 1274 420 1354 cujus
442 1269 561 1352 lapides
583 1269 743 1331 latuerunt
765 1288 883 1350 aggere
905 1270 1020 1353 plures.

242 1376 310 1447 Quo
333 1378 419 1439 certa
441 1375 509 1436 viso
532 1371 646 1434 Christi
667 1372 848 1452 dignissima
869 1375 960 1455 virgo

239 1479 417 1542 Emundare
438 1477 540 1539 locum
561 1476 659 1538 socios
681 1480 884 1558 praeceperat
905 1479 1014 1560 ipsum,

240 1583 445 1662 Tellurisque
457 1599 587 1662 gravem
607 1579 752 1642 fodiendo
773 1580 914 1642 scindere
936 1585 1055 1646 molem.

241 1687 309 1758 Quo
332 1686 423 1762 facto,
445 1687 624 1766 praestante
646 1685 698 1765 pia
717 1682 853 1746 bonitate
876 1706 1019 1768 supema‚

153 1789 226 1854 280.
239 1789 334 1872 Copia
355 1808 539 1870 magnarum
559 1789 747 1849 monstratur
769 1789 867 1850 multa
887 1794 1059 1871 petrarum,

238 1894 329 1958 Unde
351 1892 529 1956 monasterii
551 1911 620 1952 oum
640 1891 754 1972 templo
776 1893 896 1954 moenia
919 1896 1020 1976 coepti

239 1997 348 2060 Omnia
369 1995 530 2057 materiam
551 1997 680 2076 possent
700 1995 835 2057 traxisse
858 1998 1018 2078 petrinam.

237 2101 320 2164 Hine
341 2099 441 2180 magis
463 2101 555 2178 atquc
576 2097 676 2178 magis
698 2101 762 2160 toto
786 2101 944 2163 conamine
965 2105 1077 2167 mentis

234 2207 384 2268 Factores
406 2203 521 2284 templi,
543 2200 665 2264 Domini
687 2204 743 2264 sub
765 2203 882 2266 honore
908 2210 1059 2287 sacrandi,

147 2307 221 2374 285.
236 2310 400 2372 Instabant
423 2306 509 2388 operi
530 2325 603 2366 mox
624 2308 715 2368 nocte
739 2307 850 2389 dieque
872 2312 999 2374 recenti.

234 2481 297 2545 Sed
319 2481 384 2542 dux
404 2477 576 2554 Liudulfus,
599 2478 715 2560 primns
738 2479 790 2561 qni
812 2481 951 2544 conditor
973 2483 1040 2566 ejus

230 2586 345 2650 Extitit
367 2588 398 2648 et
421 2602 495 2646 cura
518 2583 604 2664 cujus
625 2583 777 2664 processit
800 2583 887 2663 origo

232 2690 338 2753 Omnis
361 2694 545 2765 structurae,
567 2686 711 2768 precibus
732 2687 930 2768 poscentibus
952 2687 1047 2769 Odae,

229 2794 313 2858 Proh
336 2793 435 2857 dolor!
459 2793 499 2854 ad
520 2811 671 2853 summum
692 2809 753 2853 non
777 2791 866 2853 duxit
895 2813 970 2875 opus
999 2797 1179 2876 studiosum,

147 2896 220 2961 290.
239 2898 309 2974 Sed,
332 2896 484 2960 naturalis
507 2912 601 2956 saeva
622 2896 723 2957 tactus
745 2914 823 2957 neos
844 2897 960 2974 mortis,

233 3001 360 3082 Cogitur
383 3003 456 3062 ante
478 3020 567 3061 sunm
588 2998 714 3060 Factori
734 2998 867 3060 reddere
889 3001 1005 3080 ilatum,

231 3106 332 3178 Quam
358 3104 499 3188 perfecta
522 3104 628 3164 domus
649 3102 771 3165 Domini
792 3103 874 3166 foret
894 3103 1012 3190 inclyta
1033 3128 1177 3192 prorsus3

231 3207 448 3288 commisitque
471 3225 545 3267 suae
568 3223 659 3266 carae
680 3206 838 3290 moriendo
861 3210 990 3273 relictae
1033 3219 1036 3222 '

228 3312 333 3392 Atque
355 3311 418 3372 suis
440 3310 530 3384 natis,
553 3308 680 3369 ducibus
704 3314 1006 3390 supramemoratis,

72 3419 76 3432 ¹
143 3412 215 3478 295.
232 3415 339 3477 Totius
360 3414 487 3476 infantis
508 3411 629 3494 pondus
652 3429 817 3492 curamque
838 3413 962 3492 laboris,

229 3518 383 3595 Exorans,
405 3518 486 3580 votis
508 3517 543 3578 ut
564 3515 754 3598 complerent
776 3516 920 3580 studiosis
1034 3503 1035 3506 ¹

142 3659 349 3669 n-——n-——u

167 3707 213 3750 270.
228 3707 316 3748 Posse
333 3709 412 3759 tunc,
427 3704 469 3759 Ap.
483 3717 505 3746 u.
521 3703 580 3754 Len
593 3715 694 3746 aereos
708 3701 765 3744 fehlt
779 3703 801 3743 ln
815 3702 884 3759 ιρις
899 3704 1058 3761 aethereos,
1072 3707 1099 3750 li.
1126 3711 1173 3754 276.

233 3779 326 3828 corto,
348 3787 391 3816 von
412 3775 452 3817 Ιώ.
473 3773 663 3828 νοτςεεοὴὶαμιι,
688 3785 731 3814 von
752 3773 779 3819 ll.
799 3773 976 3828 sulgenommen.
1008 3777 1053 3820 277.
1068 3779 1173 3834 scelos,

141 3841 157 3898 Ἰ
235 3841 289 3889 Lelr,
317 3845 365 3888 278,
381 3839 1041 3887 DerVeruDlmolemterraecircumfodiendo
1060 3859 1173 3904 secare,

232 3915 274 3954 wie
289 3912 351 3960 Hrot.
368 3913 445 3954 diesen
461 3913 581 3955 Gedanken
595 3916 671 3954 zuerst
684 3913 835 3966 ausgedrdekt
848 3913 916 3968 hatte,
930 3913 983 3955 wlrd
997 3925 1040 3956 von
1053 3913 1107 3960 Lck.
1123 3917 1172 3958 dem

231 3980 256 4028 V.
270 3981 310 4026 278
331 3983 389 4024 noclr
410 3986 573 4036 vorangeserzr.
602 3983 647 4028 295.
665 3981 807 4036 infantis,
828 3982 870 4035 Ap.
892 3995 914 4028 u.
936 3983 1003 4040 Lem
1025 3984 1065 4026 Lb‘.
1085 3984 1172 4040 schillgt

231 4063 272 4092 vor
294 4051 436 4106 lugentis,
457 4053 496 4092 das
511 4063 554 4094 von
576 4051 602 4096 ll.
617 4051 786 4106 sufgenommen
801 4053 890 4107 wurde;
911 4051 1034 4105 infandi,
1053 4053 1115 4109 ΗΜ
1135 4055 1170 4096 ln·

232 4121 295 4162 lans
309 4119 394 4162 kommt
410 4123 432 4162 in
446 4121 543 4164 derselt.
556 4121 686 4176 Bedeutung
701 4133 747 4175 vor,
762 4123 803 4163 wle
818 4121 930 4174 lelandus,
943 4135 963 4164 z.
976 4121 1001 4167 B.
1014 4121 1110 4180 factum,
1122 4123 1170 4172 Art.

232 4187 253 4236 b.
268 4189 326 4236 Non.
340 4189 375 4246 56,
392 4191 416 4235 1³
429 4203 451 4234 n.
465 4189 513 4246 ilfi,
529 4191 573 4248 ¹³3
591 4191 708 4234 dlrerdlerr
722 4189 926 4232 infantis-laboris.
