3080 4892
541 486 778 559 -319-

222 669 345 732 Averso
369 669 474 748 quidni
495 669 637 730 residens
658 669 691 730 in
716 669 806 732 litore
828 669 920 746 Reni,

223 772 291 834 Neo
314 776 388 836 tune
410 772 519 834 auxilii
540 773 631 834 seivit
652 773 801 835 solamina
823 773 901 834 tanti

229 876 307 951 lam,
329 878 497 938 miserante
519 877 594 950 Deo,
617 876 717 938 subito
741 895 815 936 easu
838 876 896 937 sibi
914 875 1016 936 missa.

138 976 210 1041 365.
225 979 366 1059 Denique
389 981 461 1041 dum
483 999 608 1061 pugnae
631 979 729 1040 sensit
750 979 926 1041 discrimina
948 981 1063 1054 tantae,

224 1082 310 1144 Haut
331 1085 472 1162 gaudens
494 1083 686 1144 inimieorum
708 1083 867 1144 demente
895 1102 1030 1158 suorum,

226 1185 289 1246 Sed
311 1187 381 1268 plus
403 1189 558 1248 tantorum
580 1205 722 1246 moerens
745 1185 783 1244 de
807 1184 901 1245 eaede
923 1185 1068 1259 virorum,

226 1287 364 1370 Sumpsit
386 1308 447 1350 non
469 1289 630 1362 modicum,
652 1288 780 1349 Davidis
802 1307 896 1362 more,
918 1288 1098 1361 lamentum,

226 1392 289 1463 Qui
311 1412 406 1474 super
429 1393 564 1454 eooisum
586 1393 683 1454 doluit
705 1411 813 1470 regern
835 1391 885 1473 pie
909 1389 1045 1452 Saulum.

139 1561 211 1626 370.
224 1563 285 1625 Ast
306 1564 359 1626 uhi
381 1564 515 1626 victores
538 1564 612 1625 laeti
633 1583 760 1638 uenere,
782 1562 926 1624 videntes

224 1667 313 1728 Illius
336 1668 414 1729 fusis
436 1668 556 1728 vultum
578 1667 712 1728 lacrimis
735 1666 950 1740 madefactum,

224 1770 310 1832 Haut
332 1773 438 1852 aptum
460 1773 543 1832 tanto
566 1771 683 1832 luotum
705 1769 814 1829 dixere
835 1769 998 1851 triumpho,
1098 1778 1102 1785 '

152 1951 159 1958 ,
226 1872 289 1934 Sed
310 1873 399 1934 reddi
420 1875 527 1952 grates
549 1873 618 1952 regi
640 1873 754 1934 debere
781 1871 920 1954 perenni,

228 1977 290 2048 Qui
312 1979 385 2038 tuno
407 1976 530 2058 impleri
552 1977 625 2036 feeit
646 1975 761 2056 pietate
784 1975 876 2050 fideli,

139 2076 212 2142 375.
224 2079 315 2150 Quod
336 2082 423 2160 patet
444 2080 476 2140 in
497 2080 574 2140 libro
597 2079 682 2158 regis
705 2078 854 2160 seriptum
876 2077 1055 2154 Salomonis,

228 2183 376 2258 Dicentis,
394 2184 514 2264 justum
536 2184 574 2243 de
597 2182 721 2244 tristitia
740 2182 934 2244 liberandum

228 2285 357 2347 Necnon
379 2285 526 2366 injustum
548 2305 603 2366 pro
623 2287 706 2367 justo
729 2305 802 2346 mox
825 2286 891 2346 fore
914 2286 1056 2347 dandum.

227 2388 287 2449 His
309 2394 444 2450 mentem
466 2389 550 2468 regis
574 2389 776 2449 demulcendo
800 2389 944 2462 suadelis,

230 2491 338 2572 ipsum
360 2492 516 2552 tristitiam
538 2493 654 2570 cogunt
677 2491 831 2572 deponere
853 2493 978 2568 tantam,

146 2592 216 2658 380.
230 2594 272 2656 Et
293 2596 373 2656 bene
395 2595 516 2656 victrici
537 2595 786 2674 congaudentem
810 2593 926 2674 legioni
1028 2617 1034 2625 ·

230 2695 270 2758 Se
292 2701 363 2778 post
384 2699 466 2759 bella
489 2697 553 2758 suis
575 2699 722 2760 blandum
743 2699 895 2780 praebere
917 2697 1073 2760 ministris.

230 2801 291 2870 Qui
313 2819 385 2861 nam
406 2801 555 2862 laetitiam
575 2801 665 2863 vultu
687 2803 861 2862 monstrans
884 2802 1082 2878 moderatam,
1185 2809 1197 2824 ‘

229 2903 291 2965 Sed
313 2904 392 2965 olam
414 2904 593 2966 subtristem
618 2923 747 2964 servans
770 2904 917 2966 incende
940 2905 1087 2982 dolorem,
1210 2921 1212 2928 ’

227 3007 391 3069 Reddebat
412 3011 519 3086 grates
540 3007 600 3068 imo
623 3007 662 3067 de
684 3009 809 3089 pectore
833 3005 964 3083 Christo,

141 3107 212 3173 385.
226 3110 296 3172 Non
319 3110 449 3172 dederet
471 3111 603 3193 propriis
625 3112 725 3192 ipsum
747 3111 819 3192 quia
840 3113 915 3173 tune
940 3110 1069 3173 inimieis

225 3213 386 3289 Praedam,
410 3215 466 3275 sed
488 3215 600 3275 dextra
621 3214 758 3294 protegit
779 3215 838 3276 rite
861 3233 1005 3297 superna.

226 3314 329 3397 Ipsius
352 3317 475 3378 titulum
493 3317 572 3378 tanti
595 3317 773 3398 clarumque
795 3317 942 3398 triumphi

229 3417 298 3512 Non
323 3420 388 3497 sibi,
412 3421 469 3482 sed
491 3418 605 3483 Christi
627 3409 802 3501 designauit
823 3419 941 3502 pietati.

226 3587 285 3652 His
305 3591 348 3654 ita
371 3591 509 3672 digestis,
531 3592 684 3654 modicum
705 3593 827 3674 tempus
851 3590 1006 3672 requievit

140 3691 212 3757 390.
229 3692 334 3756 Ciuilis
355 3695 430 3757 belli
451 3697 583 3778 populus
605 3695 771 3757 luetamine
793 3696 904 3756 lassus.

165 3861 445 3918 367.deeertle‚1’tz.;
471 3862 557 3905 sowohl
571 3862 602 3907 Μ.
622 3861 657 3905 alr
676 3861 733 3905 auch
750 3862 774 3904 Ρ.
795 3861 841 3904 und
859 3862 904 3904 alle
919 3861 1039 3918 Aurgaben
1058 3862 1131 3906 haben
1147 3861 1175 3905 de

228 3931 323 3972 caede.
351 3932 398 3976 ³68.
414 3933 444 3974 Μ.
460 3933 520 3975 lralte
541 3945 614 3986 urspr.
631 3946 723 3987 mere,
738 3933 777 3974 das
798 3933 981 3974 veneorrector
996 3934 1085 3975 stettin
1100 3945 1173 3975 more

223 4001 245 4040 ln
269 4012 379 4042 merore
400 4003 508 4054 geduderl
527 4003 617 4058 wirrde;
639 4002 742 4044 dosselbe
763 4003 792 4043 lat
812 4004 834 4042 ln
853 4002 878 4046 Ρ.
900 4001 939 4043 der
952 4002 1009 4044 rell.
1037 4003 1085 4047 ³69.
1101 4001 1173 4048 salum

223 4068 394 4124 nsltSauluur,
412 4071 438 4116 Ρ.
465 4072 511 4116 371.
529 4071 728 4125 malefactum,
742 4072 767 4112 P.
795 4069 840 4114 3ld.
855 4071 990 4125 implere,
1012 4083 1085 4124 impr.
1104 4072 1127 4112 in
1142 4072 1173 4117 Μ.

223 4138 338 4180 nndnoelr
360 4141 383 4180 ln
400 4140 424 4182 Ρ.
452 4139 672 4195 lis.rrov.‚11‚s.
700 4141 892 4193 &delentem
914 4140 953 4195 P.;
979 4141 1121 4196 protuli,
1138 4141 1172 4196 Cq

223 4204 249 4250 R.
265 4219 289 4251 u.
303 4207 326 4253 S.
355 4209 402 4254 388.
419 4210 539 4265 pletale,
553 4211 584 4252 M.
591 4224 614 4256 u.
629 4211 677 4256 Ρη.
691 4209 877 4264 (Schneibielrler.
891 4209 975 4265 seim.)
