3134 4896
799 485 1016 558 ...99-

469 667 599 732 invenit
617 667 747 750 positam
768 685 862 748 supra
882 684 939 728 sua
960 663 1087 746 peotora
1109 661 1255 724 ohartam.

389 769 459 835 380.
479 772 548 843 Qua
568 773 645 847 visa,
666 771 809 833 membris
830 790 902 831 mox
925 767 1108 829 contremuit
1127 765 1272 827 resolutis

472 875 514 935 Et
537 878 642 954 grates
655 873 775 936 Christo
797 873 897 934 eordis
917 873 1069 932 reddebat
1090 872 1127 930 ab
1142 870 1210 943 imo,

477 978 579 1057 Atque
600 977 733 1058 puellari
752 977 868 1058 pariter
891 973 1004 1036 Christi
1025 973 1175 1052 genitrici.

517 1081 592 1141 Post
612 1082 689 1141 haee
708 1099 840 1159 namque
862 1080 911 1140 die
932 1095 1020 1137 saera
1040 1076 1172 1136 feliciter
1195 1076 1269 1158 orta,

475 1182 564 1252 Quae
588 1184 721 1244 trahite
742 1183 860 1243 domino
882 1199 995 1242 nomen
1013 1179 1191 1240 venerabile
1213 1195 1339 1251 summo,

392 1281 463 1347 385.
482 1285 584 1346 intrat
604 1287 635 1346 in
657 1286 826 1360 eeclesiam,
849 1284 952 1365 populi
977 1303 1017 1343 ex
1037 1303 1121 1343 more
1142 1283 1301 1362 repletam,

474 1388 512 1449 ln
534 1407 594 1468 qua
614 1393 690 1450 tuno
709 1389 790 1449 iuter
811 1405 918 1448 saorae
939 1387 1119 1466 sollempnia
1139 1385 1250 1446 missae

472 1490 620 1552 Astantes
642 1490 831 1570 evangeliois
854 1492 979 1571 praesul
1000 1491 1089 1551 donet
1110 1489 1196 1562 orsis,

473 1593 523 1669 Et,
545 1613 647 1655 eoram
668 1595 786 1654 orrnotis
806 1613 925 1654 saoram
943 1596 1116 1674 prostratus
1137 1593 1176 1652 ad
1198 1609 1291 1664 aram,

476 1696 625 1778 Ejusdem
646 1717 767 1776 quoque
787 1697 937 1778 pontifiois
959 1697 1035 1756 daus
1057 1697 1161 1756 osoula
1181 1695 1305 1774 plantis,

391 1795 462 1860 390.
478 1799 564 1860 Voce
585 1801 687 1881 palam
707 1802 791 1860 olera
813 1800 952 1860 narrauit
972 1801 1018 1859 ab·
1032 1799 1138 1859 ordine
1160 1799 1280 1872 cuneta,

479 1902 567 1972 Quae
588 1904 639 1962 vel
660 1903 826 1963 mortiferis
848 1903 912 1981 egit
931 1903 1034 1962 vietus
1057 1901 1200 1975 suadelis,

483 2003 545 2064 Vel
567 2024 645 2084 qnae
666 2009 816 2086 perpetua
835 2005 947 2090 meruit
967 2007 1112 2085 poscente
1133 2005 1246 2084 puella.

476 2107 563 2168 Haeo
584 2109 636 2168 ubi
657 2110 823 2189 eomposita
843 2109 935 2188 plene
957 2109 1064 2168 retulit
1084 2108 1212 2182 ratione,

474 2210 623 2286 Antiates,
644 2212 720 2272 faeti
739 2215 840 2272 taetus
861 2215 980 2272 terrore
1003 2210 1155 2290 stupendi,

388 2309 459 2375 300.
476 2312 601 2374 Intonat
622 2315 669 2374 his
689 2315 803 2387 verbio,
823 2314 962 2374 mirantis
983 2333 1060 2373 vooe
1080 2313 1230 2392 profusis:

519 2414 648 2489 „Cunoti
668 2418 840 2496 gaudentes
862 2418 921 2477 huo
939 2417 1003 2496 jam
1022 2422 1187 2496 properate
1208 2417 1326 2492 fideles,

480 2501 547 2577 „Et
569 2503 620 2583 pia
640 2503 791 2564 faotaDei
812 2504 974 2563 laudantes
994 2505 1097 2562 mente
1119 2502 1211 2575 fideli,

473 2603 618 2680 „Credite
635 2607 700 2686 jam
719 2607 891 2679 Dominum,
911 2604 1035 2685 propria
1057 2605 1172 2684 pietate
1192 2605 1369 2684 benignum,

482 2707 539 2782 „In
559 2707 621 2768 leto
642 2707 790 2768 delectari
808 2727 974 2788 numquam
995 2708 1150 2781 seelerosi,

386 2805 460 2869 400.
477 2807 559 2884 „Sed
580 2811 650 2891 plus
672 2811 828 2871 conversis
848 2811 944 2871 vitam
965 2810 1141 2871 darevalle
1162 2811 1305 2872 suturam

471 2911 556 2987 „Eia
578 2913 682 2973 dilecti
705 2914 827 2987 fratres,
849 2913 1002 2974 intendite
1023 2913 1135 2988 aunon,

475 3014 596 3090 „Quam
617 3015 667 3095 pie
688 3018 852 3096 peooantes
874 3016 1021 3076 Dominus
1043 3017 1155 3076 tolerat
1175 3017 1274 3076 bonas
1295 3033 1411 3087 omnes,

476 3115 583 3191 „Quos
604 3117 662 3178 soit
685 3119 824 3178 oonrerti
844 3121 914 3198 post
934 3119 1034 3178 tristia
1054 3119 1137 3178 saeta
1156 3118 1256 3200 pieoli.

473 3219 570 3294 „Quis
589 3239 650 3280 uon
672 3222 809 3295 miretur,
830 3221 899 3299 quis
918 3241 979 3280 nou
1000 3222 1134 3301 supplex
1154 3223 1322 3282 veneretur

383 3317 455 3381 405.
470 3321 697 3396 „Laudamlam⁷
719 3323 832 3396 mitem,
854 3323 976 3384 duloem
997 3321 1112 3384 Christi
1132 3324 1287 3404 pietatem,

469 3424 582 3499 „Illum
602 3428 788 3504 quaerentes
809 3445 931 3506 semper
952 3445 1012 3506 qua
1029 3427 1175 3488 sublevat
1196 3445 1318 3503 omnes;

470 3526 552 3603 „Qui
569 3529 634 3609 jam
656 3529 831 3590 criminibus
851 3530 1002 3590 miserans
1022 3530 1170 3609 paroebat
1190 3532 1221 3590 et
1243 3531 1335 3610 hujus

447 3653 450 3660 ⁴
470 3631 590 3712 „Ipsius
610 3632 739 3694 illustris
758 3632 903 3713 preoibus
923 3635 1108 3710 sanotaeque
1130 3633 1281 3712 parentis,

468 3734 548 3808 „Per
569 3751 660 3814 quem
679 3739 809 3796 naturae
829 3735 923 3814 periit
941 3734 1115 3795 maledietio
1136 3737 1272 3810 nostrae,
1327 3777 1332 3786 ,

389 3873 543 3883 ——an--a

409 3918 623 3970 imprecantes
646 3917 753 3959 Dominus
774 3919 909 3970 tollerat,
930 3919 954 3960 C.
976 3931 997 3958 u.
1014 3916 1045 3966 S.;
1063 3917 1188 3970 tolerat,
1209 3918 1234 3959 Ρ,
1277 3916 1324 3960 tas.
1347 3923 1417 3972 post

467 3987 606 4027 tristtola
620 3984 691 4038 laeta,
706 3987 735 4026 M.
751 3987 804 4032 or.
833 3985 944 4028 tillonis
961 3999 1019 4038 nos,
1038 3985 1068 4028 Μ.
1083 3999 1105 4026 u.
1123 3987 1157 4040 P.;
1174 3988 1257 4039 mire,
1275 3988 1310 4042 P.;
1332 4001 1417 4033 vene·

467 4053 684 4110 ratur‚n.11.r².
712 4053 757 4098 los.
773 4055 820 4096 mil
840 4051 1033 4107 leurduleeru,
1048 4055 1096 4112 M.;
1118 4055 1143 4099 P.
1158 4055 1319 4096 aotztliirrlaa
1334 4070 1418 4111 ausge·

471 4123 582 4164 strithem
604 4121 741 4176 militem,
761 4125 899 4180 ,‚1uttem“;
918 4123 1033 4166 murltam
1050 4123 1200 4177 duleis,C.
1217 4137 1238 4165 u.
1254 4123 1276 4168 S.
1305 4123 1351 4170 loo.
1370 4140 1413 4180 pe·

472 4193 520 4246 rit,
539 4193 573 4246 Ρ.,
588 4191 612 4235 c.
627 4203 650 4236 u.
667 4189 691 4235 S.
