3080 4892
562 431 801 498 -341--

164 615 217 682 25.
253 614 375 696 Quique
398 631 471 674 suos
493 629 599 673 omnes
619 607 695 670 vicit
715 605 831 690 pietate
852 607 1009 690 parentes,

247 719 317 780 Non
338 715 440 778 minus
461 715 592 794 insignis
613 730 724 793 pompa
745 712 891 772 vincebat
911 709 1045 772 honoris.

249 819 306 884 Oui
328 821 442 900 conjux
465 837 540 898 ergo
563 817 666 878 iuerat
686 813 875 896 praenobilis
898 812 975 888 Oda,

250 923 344 986 Edita
363 923 556 984 Francorum
577 920 662 982 clara
684 918 723 979 de
745 918 842 998 stirpe
863 919 1034 998 potentum,

247 1027 327 1089 Filia
348 1025 495 1106 Billungi,
518 1023 678 1105 cujusdem
699 1019 846 1103 principis
868 1019 949 1094 almi,

158 1129 210 1194 30.
246 1130 352 1210 Atque
373 1131 473 1190 bonae
496 1128 597 1188 famae
619 1142 791 1205 generosae
814 1123 932 1185 scilicet
953 1121 1070 1183 Aedae.

247 1233 335 1296 Haec
356 1232 451 1312 igitur
474 1233 582 1293 crebro
605 1229 750 1311 precibus
773 1228 981 1288 consueverat
1001 1224 1092 1288 Aede

248 1334 288 1398 Se
310 1337 469 1414 totamque
492 1352 580 1395 snam
600 1332 730 1394 Domino
754 1329 945 1394 committere
966 1329 1079 1406 vitam3

250 1438 381 1519 Saepius
403 1439 496 1517 euque
518 1437 577 1518 piis
598 1435 744 1497 insistens
766 1434 876 1496 sedula
897 1433 998 1508 factis,

246 1539 430 1615 Promeruit,
452 1542 532 1602 bene
554 1537 712 1622 promissis
736 1539 846 1599 edocta
868 1535 1021 1618 supernis,

162 1640 213 1707 35.
247 1643 385 1718 Discere,
407 1643 542 1724 baptista
563 1640 678 1705 Christi
699 1641 858 1702 referente
880 1640 982 1714 beato,

248 1745 338 1818 Quod
349 1743 418 1807 ‘sua
439 1746 606 1828 progenies
629 1744 740 1804 saeclis
762 1742 946 1824 quandoque
967 1741 1080 1804 futuris

244 1849 433 1912 Pcssessura
454 1849 536 1911 foret
554 1849 634 1930 juris
657 1849 752 1909 decus
774 1845 949 1928 imperialis.

289 1951 374 2032 Ergo
396 1953 564 2014 nocturnas
586 1950 739 2032 quondam
762 1950 923 2012 scindente
943 1949 1090 2012 tenebras

248 2055 371 2118 Aurora
393 2055 471 2116 lucis
494 2055 659 2137 splendore
681 2073 757 2116 suae
778 2053 944 2129 rutilantis,

158 2155 209 2220 40.
242 2157 330 2220 Haec
352 2161 509 2240 prostrata
531 2176 650 2219 sacram
672 2158 761 2220 solito
779 2157 879 2239 jacuit
900 2176 991 2218 secus
1013 2173 1109 2234 aram,

249 2261 409 2323 Sacratam
430 2263 487 2324 snb
509 2261 663 2343 baptistae
686 2259 835 2324 Johannis
857 2261 986 2335 honore,

248 2363 346 2426 Oratu
368 2364 520 2447 pulsando
538 2364 609 2446 jugi
629 2365 804 2446 penetralia
826 2363 912 2424 coeli.

247 2464 384 2547 Cumque
405 2467 487 2548 piam
509 2468 617 2530 studiis
640 2469 775 2530 mentem
794 2467 919 2528 laxaret
939 2465 972 2527 in
992 2464 1063 2540 illis,

243 2569 331 2632 Vidit
351 2588 449 2651 prona
470 2569 567 2652 pedes
588 2571 718 2632 hominis
738 2570 865 2653 propius
887 2569 946 2632 sibi
972 2569 1091 2632 stantis.

161 2668 212 2735 45.
246 2672 294 2734 Ac
316 2677 466 2735 commota
487 2693 605 2755 parum,
626 2676 775 2736 volvebat
795 2675 922 2756 pectore
944 2674 1083 2750 multum,

247 2776 323 2847 Quis
346 2777 429 2838 toret
450 2777 512 2854 ille,
535 2798 624 2838 suum
646 2778 699 2857 qui
721 2779 906 2840 conturbare
928 2779 1083 2840 secretum

245 2879 518 2960 Praesumpsisset,
541 2880 572 2941 in
594 2881 653 2942 hac
674 2881 750 2942 hora
771 2881 916 2962 precibus
938 2879 1014 2942 satis
1036 2882 1117 2963 apta.

245 2981 423 3063 Fronteqne
447 2982 485 3044 de
507 2986 601 3060 terra,
623 2983 777 3046 modicum
799 3003 959 3061 conversa,
980 2985 1094 3059 levato,

245 3085 379 3166 Aspexit
398 3087 547 3168 juvenem
568 3086 644 3149 miro
668 3088 833 3169 splendore
854 3088 1028 3165 micantem,

161 3182 212 3249 50.
245 3187 392 3250 Indntum
413 3190 511 3251 vestis
534 3190 688 3251 uelamine
710 3191 944 3267 flavicomantis,

248 3287 313 3352 Ceu
335 3291 416 3354 foret
439 3311 456 3352 e
477 3293 548 3375 pilis
571 3292 659 3356 curri
681 3295 827 3354 contexta
850 3293 975 3372 cameli3

246 3390 349 3476 Cujus,
373 3395 498 3456 candori
518 3397 611 3458 nimio
633 3397 791 3478 pulchrae,
814 3396 905 3458 faciei

243 3495 379 3558 Barbula
400 3517 508 3580 parva,
532 3501 631 3580 nigris
654 3501 770 3561 sociata
792 3501 895 3562 colore
918 3500 1045 3580 capillis,

245 3598 409 3669 Quoddam
432 3603 623 3682 splendentis
646 3605 826 3685 praestabat
848 3605 977 3666 stemma
998 3603 1116 3666 nitoris.

157 3698 207 3764 55.
242 3701 343 3773 Quem
364 3707 505 3766 matrona
527 3706 637 3768 videns
659 3727 717 3769 nec
738 3709 900 3770 mortalem
921 3708 988 3770 fore
1011 3708 1152 3784 credens,

243 3804 419 3886 Obstupuit,
442 3809 554 3870 mentis
574 3811 666 3892 juxta
684 3831 801 3873 morem
822 3810 990 3888 muliebris,

182 3939 218 3983 25.
234 3936 375 3993 Quinque,
388 3939 416 3982 ll.
443 3941 477 3986 3⁰.
492 3942 553 3984 Bodo
572 3943 611 3984 bat
628 3946 683 3984 statt
696 3943 789 3987 bedae
802 3945 919 3988 Produc.
946 3945 980 3986 37.
995 3943 1191 3998 Promissura,

234 4007 292 4063 ΔΜ
307 4009 514 4063 promeriture,
529 4012 568 4052 Lb.
597 4011 630 4057 ta.
647 4012 769 4070 laxavit,
785 4015 852 4070 [εις
869 4013 908 4054 das
921 4013 981 4056 Peri.
995 4015 1053 4054 wilre
1067 4012 1193 4067 allcrdlusss

236 4076 275 4118 der
298 4075 460 4118 Sebreibwelse
481 4079 629 4123 Hrctsviths‘s
651 4093 830 4138 argentomrem
865 4081 898 4126 lb·
914 4085 1064 4136 commata,
1078 4082 1132 4127 Lck.
1157 4083 1192 4126 55.

235 4154 277 4186 nec
291 4155 353 4200 non,
372 4146 423 4200 Ap,
440 4147 493 4189 hck.
508 4161 531 4189 u.
547 4149 574 4193 ll.
1067 4171 1068 4178 ¹
