3144 4888
794 499 1032 592 ...172-

770 675 1055 739 Terentianae.

395 774 464 840 Vae
486 776 583 860 patri!
606 777 659 840 ubi
681 778 841 858 agitatur?

599 867 605 880 ²
773 881 1055 945 Christicolae.

396 983 479 1046 Ante
502 971 666 1067 sepulchra
682 985 722 1067 ⁷⁷)
743 989 914 1068 martyrum
929 986 949 1047 J
951 986 1078 1048 ohannis
1097 989 1129 1047 et
1142 985 1232 1046 Pauli
1249 985 1333 1047 humi
1355 1006 1427 1068 pro-

398 1088 536 1150 volvitur
557 1109 652 1170 seque
675 1089 810 1172 ipsorum
830 1090 975 1170 precibus
996 1090 1135 1170 torqueri
1155 1091 1279 1152 fatetur.

768 1192 1049 1256 Terentianus,

398 1292 470 1354 Mea
492 1294 591 1376 eulpa,
613 1316 715 1358 meum
736 1297 870 1373 facinus3
898 1315 969 1358 nam
990 1317 1058 1358 mec
1080 1297 1217 1372 hortatu,
1247 1316 1315 1358 meo
1333 1297 1428 1377 jussu

396 1398 463 1480 ipse
485 1398 595 1460 infelix
616 1399 723 1484 impias
745 1419 854 1462 manus
875 1400 906 1461 in
929 1404 1052 1462 sanctos
1073 1402 1226 1481 martyres
1248 1401 1337 1460 misit.

765 1501 1051 1590 Christicolae.

395 1601 428 1664 Si
450 1605 481 1665 te
504 1605 646 1667 hortante
670 1606 807 1686 deliquit,
829 1609 860 1668 te
883 1607 1086 1688 compatiente
1109 1625 1225 1687 poenas
1248 1606 1313 1668 luit.

764 1710 1042 1774 Terentianus.

396 1809 466 1890 Ego
489 1812 611 1892 quidem
632 1813 725 1875 miser
738 1813 777 1895 ⁷⁸)
800 1816 889 1897 parui
907 1815 1002 1898 jussis
1030 1813 1200 1898 impiissimi
1231 1810 1427 1895 imperatoris
1492 1899 1495 1904 .

394 1913 516 1978 Juliani.

765 2001 1048 2081 Christicolae.

394 2102 469 2165 Ideo
491 2123 623 2185 namque
645 2105 712 2186 ipse
735 2107 839 2169 divina
860 2109 1023 2188 perculsus
1036 2105 1077 2189 ⁷⁹)
1100 2110 1148 2168 est
1168 2106 1293 2169 ultione.

394 2293 397 2299 Ι
686 2293 689 2297 .
769 2210 1051 2272 Terentianus.

396 2309 465 2372 Scio
488 2330 586 2391 eoque
607 2313 707 2392 magis
730 2303 879 2396 expaveo,
902 2336 962 2396 quo
991 2317 1109 2376 nullum
1138 2316 1257 2375 hostem
1278 2311 1337 2372 Dei
1359 2331 1425 2372 ser-

393 2435 504 2476 vorum
524 2415 706 2498 impunitum
729 2420 867 2480 evasisse
890 2420 1065 2480 meminere.

783 2521 1042 2585 Christicani.

393 2603 501 2666 Recte.

767 2696 1046 2756 Terentianus.

395 2793 486 2868 Quid,
507 2796 532 2856 si
555 2815 676 2857 curram
692 2797 731 2878 ⁸⁰)
755 2801 786 2859 et
808 2799 968 2879 poenitens
992 2796 1119 2857 sceleris
1141 2796 1236 2856 saeris
1259 2794 1425 2877 provolvar

394 2898 543 2958 tumulis?

764 2984 1055 3046 Christicolae.

397 3085 527 3146 Veniam
548 3087 725 3163 mereberis,
749 3089 774 3148 si
794 3091 897 3148 tamen
917 3087 1101 3168 baptismate
1122 3086 1327 3149 mundaberis.

831 3209 925 3216 —·--.--
930 3209 934 3216 ι
939 3209 991 3216 φη...
996 3210 1012 3215 -

766 3295 1045 3358 Terentianus.

399 3392 532 3458 Gloriosi
564 3399 663 3459 testes
697 3395 826 3476 Christi,
860 3400 1017 3461 iohannes
1054 3402 1085 3460 et
1118 3398 1230 3472 Paule,
1266 3395 1425 3458 imitamini

398 3501 574 3582 exemplum
595 3502 744 3581 magistri,
768 3504 877 3564 eadem
903 3502 1048 3584 jubentis,
1080 3505 1112 3562 et
1134 3504 1219 3562 orate
1241 3521 1296 3582 pro
1318 3519 1423 3580 perse-

395 3609 535 3665 cutorum
550 3605 679 3666 delictis.
707 3605 791 3674 ‚Este
808 3605 1027 3686 compatientes
1041 3604 1140 3664 orbati
1155 3603 1252 3684 patris
1264 3601 1423 3682 angustiis,

394 3711 426 3769 et
454 3707 660 3768 misereamini
689 3708 830 3768 furientis
863 3707 927 3768 nati
956 3693 1102 3780 miseriis,
1127 3726 1186 3785 quo
1208 3707 1305 3779 ambo,
1336 3705 1423 3765 tincti

393 3810 479 3874 fonte
501 3811 701 3893 baptismatis,
717 3810 757 3890 81)
780 3827 1017 3892 perseveremus
1039 3807 1070 3866 in
1093 3807 1153 3867 fide
1177 3810 1301 3868 sanctae
1326 3807 1424 3868 Trini-

391 3915 481 3976 tatis!

392 4034 572 4045 ——0—

418 4086 454 4138 Π]
471 4081 667 4135 sepulchrum,
689 4081 712 4122 C.
732 4097 753 4126 u·
777 4081 800 4122 S.
829 4079 1038 4134 ltlJmlserlohlt
1058 4079 1080 4118 lu
1100 4078 1132 4130 0.,
1156 4076 1178 4119 S.
1198 4090 1221 4118 ιι.
1247 4077 1292 4130 hig.
1314 4079 1352 4132 79)
1369 4091 1424 4130 per·

472 4165 587 4206 ausoris,
605 4151 630 4194 C.
653 4164 676 4195 ιι.
697 4151 720 4196 S.
748 4152 913 4205 Stlcuirom,
934 4149 958 4193 S.
984 4147 1229 4202 tthaptlmstis,
1253 4146 1284 4190 M.
1306 4159 1328 4190 u.
1351 4161 1425 4202 rii-spi.

469 4221 525 4264 atich
541 4222 566 4263 P.

529 4626 897 4836 a*
982 4544 1183 4836 [Il
1259 4755 1324 4766 -·
