3080 4892
590 421 829 488 ..357..

280 598 335 661 Sat
357 597 471 662 dilecta
492 597 559 662 Deo
582 598 694 674 fuerat,
717 596 849 659 celebris
871 616 993 679 quoque
1014 598 1138 674 mundo,

189 700 263 766 510.
280 701 409 784 Semper
431 704 591 764 maternae
614 701 703 765 solito
725 701 849 782 pietatis
872 717 976 765 amore
1026 723 1029 732 ’

276 805 354 886 Ejus
377 805 532 886 adoptivis
552 805 671 868 studuit
692 804 874 885 conquirere
896 805 986 880 natis,

279 907 429 988 Quicquid
451 927 623 970 nonnarum
646 909 815 990 deposcere
837 908 973 970 sciverat
992 927 1097 986 usum3

278 1011 477 1092 Oddonisque
500 1011 586 1073 ducis
607 1012 684 1074 clari
706 1011 829 1073 devotio
852 1010 979 1091 grandis

226 1144 229 1148 ·
278 1112 499 1177 Concor-dando
521 1133 596 1175 suae
618 1114 700 1176 votis
722 1132 814 1176 carae
836 1113 1006 1195 genitricis,

189 1214 263 1280 515.
278 1217 405 1280 Auxilio
427 1237 548 1297 regum,
571 1217 681 1298 quibus
704 1216 844 1279 exhibuit
867 1217 1057 1292 famulatum,

277 1320 385 1402 Ipsum
406 1320 582 1400 virgineum
604 1322 725 1383 coetum
747 1318 861 1382 Christi
883 1321 1067 1382 famularum

275 1424 369 1486 Fovit
391 1424 569 1500 clementer,
590 1442 711 1485 necnon
733 1423 880 1505 provexit
901 1426 1050 1486 amanter.

276 1527 342 1590 Neo
364 1529 508 1609 propriae
529 1527 613 1589 vitae
636 1526 779 1608 compelli
801 1527 902 1608 quivit
923 1547 1036 1602 amore,

276 1629 320 1693 Ut
340 1631 393 1692 vel
415 1649 469 1692 eas
492 1631 602 1692 damno
624 1629 776 1692 laedendo
797 1632 944 1711 tangeret
965 1632 1038 1706 ullo,

189 1729 337 1794 520.Ve1
359 1733 460 1794 minus
482 1734 634 1816 impleret,
657 1752 744 1814 quae.
758 1738 857 1795 mater
879 1734 974 1815 digna
992 1736 1126 1816 juberet.

277 1835 325 1897 Ae
347 1836 391 1900 sic
413 1856 579 1898 concessae
602 1837 724 1898 sibimet
744 1856 801 1917 per
823 1839 962 1918 tempora
984 1838 1068 1900 vitae

279 1938 369 2001 Omni
392 1940 543 2003 ferventis
565 1940 684 2002 studuit
706 1940 866 2001 conamine
888 1941 1000 2002 mentis

276 2040 429 2105 Coenobio
451 2045 651 2124 patronorum
672 2045 824 2125 praebere
846 2063 971 2106 suorum

275 2146 378 2227 Ipsius
401 2147 509 2208 auxilii
531 2165 654 2229 semper
676 2148 826 2209 tutamina
849 2148 942 2225 certi3

188 2246 265 2312 525.
280 2250 347 2311 Neo
368 2251 438 2313 viee
459 2250 607 2312 terribilis
628 2253 725 2313 metui
746 2253 836 2333 petiit
857 2253 996 2328 senioris,

276 2352 337 2415 Sed
359 2355 439 2414 bene
461 2355 615 2416 mansueti
642 2355 791 2435 genitoris
814 2356 973 2416 adinstar
996 2353 1100 2416 amari

261 2456 364 2521 ·Uude
386 2457 453 2519 loco
475 2477 537 2518 non
557 2457 699 2520 inmerito
722 2458 892 2540 permensit
914 2457 945 2518 in
967 2458 1019 2518 illo

273 2558 435 2622 Hactenus
457 2561 587 2641 insignis
609 2563 677 2623 laus
699 2563 782 2623 illius
803 2561 936 2643 pietatis.

273 2663 338 2726 Nos
361 2683 481 2744 quoque
504 2669 663 2745 permotae
686 2668 790 2726 tantae
814 2663 977 2725 dulcedine
1000 2663 1111 2738 famae,

187 2761 258 2827 530.
275 2765 416 2827 Necdum
436 2767 584 2828 maternis
607 2787 686 2848 quae
709 2774 782 2829 tuno
805 2767 959 2848 erupimus
983 2766 1072 2842 alvis,

274 2868 336 2930 Sed
359 2870 472 2930 fuimus
494 2889 569 2930 vere
592 2871 685 2950 longo
707 2873 779 2951 post
800 2873 938 2951 tempore
961 2873 1063 2946 natae,

213 2963 218 2976 “
271 2972 358 3034 Haut
381 2974 481 3035 minus
502 2974 585 3036 illius
608 2977 786 3036 constanter
808 2992 912 3058 amore
935 2975 1114 3053 flagramus,

272 3077 372 3147 Quam
395 3077 445 3157 qui
468 3080 666 3158 praesentem
690 3077 977 3157 contemplabantur
1000 3076 1132 3138 eundem

271 3178 375 3260 Atque
399 3198 474 3240 suae
496 3180 584 3242 donis
608 3181 785 3242 ditabantur
806 3180 939 3261 pietatis.

184 3277 256 3343 535.
316 3283 376 3344 Hie
397 3281 493 3362 ig‘itur
516 3283 587 3344 talis
615 3283 794 3366 praeclarae
814 3281 864 3342 vir
883 3277 1027 3362 pietatis,

270 3385 332 3456 Qui
354 3387 423 3468 pius
445 3387 590 3448 urbicolis
612 3387 722 3448 tribuit
743 3388 824 3448 bona
847 3385 920 3446 talia
942 3384 1064 3460 nostris,

269 3488 370 3550 Morte
394 3490 442 3550 sui
463 3495 595 3552 matrem
616 3489 715 3551 nostri
737 3489 939 3569 domnamque
961 3491 1120 3570 potentem

267 3591 504 3655 Praeveuiendo
517 3594 621 3675 prior,
645 3594 735 3655 vetiti
757 3613 813 3675 pro
836 3591 962 3653 erimine
984 3590 1074 3674 pomi,

187 3766 393 3777 ..—-—-—.

206 3863 253 3907 sut
268 3866 354 3905 vocis
369 3867 423 3906 stutt
438 3865 527 3918 votis,
540 3864 582 3918 Ap.
597 3877 620 3908 u.
637 3861 690 3906 Lck.
724 3866 772 3908 516.
787 3867 894 3906 cautim
913 3863 952 3905 fiir
965 3866 1089 3918 coctum,
1105 3861 1147 3915 Ap.
1173 3862 1223 3904 517.

279 3934 413 3986 provixit,
429 3933 483 3978 Lot.
510 3935 557 3977 521.
573 3933 734 3986 commissa,
753 3933 807 3977 het.
834 3935 881 3976 52¹5.
897 3933 994 3987 potuit
1011 3933 1048 3973 fiir
1062 3931 1162 3986 pettit,
1177 3931 1220 3984 Ap.

272 4015 294 4042 ιι.
311 4003 333 4044 b.
358 4003 403 4046 53⁰·
420 4001 450 4042 So
468 4003 523 4057 t.o.;
546 4015 663 4056 cunque
685 4005 851 4056 rumpimus,
869 3997 927 4056 Ᾰρζς
947 4013 1092 4056 nunquam
1116 4000 1221 4052 rumpi

271 4083 337 4124 murs,
359 4070 406 4112 usk
439 4072 487 4116 532.
504 4072 587 4124 iisne,
607 4073 664 4126 ΑΜ
687 4072 819 4126 flagrari,
841 4073 883 4125 Ap.
917 4072 963 4116 532
979 4069 1051 4113 Quam
1072 4081 1138 4126 que,
1160 4069 1225 4112 usu.

269 4143 317 4185 536.
336 4140 380 4182 Qui
398 4142 492 4194 prius,
505 4142 547 4195 Ap.
575 4143 623 4186 6³8.
638 4143 716 4195 peni,
731 4141 785 4182 lucu.
800 4153 821 4185 ιι.
837 4141 863 4182 Η.
