3080 4892
767 488 1008 558 ..296-

787 667 1006 730 Matronae.

379 773 468 845 Quae
490 772 546 836 tibi
568 774 641 835 sunt
663 772 828 848 commoda,
851 771 1033 851 exequimur
1055 773 1159 834 mento
1182 770 1304 833 devota.

782 874 998 958 Sapientia.

376 961 448 1026 Mon
470 962 585 1025 dubito.

784 1046 1007 1109 Matronae.

376 1150 438 1217 Ubi
459 1151 508 1213 vis
531 1151 650 1231 eligere
671 1152 773 1212 looum
795 1151 997 1232 sepulturae?

788 1252 1008 1335 Sapientia.

261 1346 264 1351 ’
378 1339 484 1404 Tertio
505 1339 633 1406 miliario
651 1341 689 1402 ab
701 1341 788 1415 urbe,
805 1340 832 1401 si
849 1340 937 1402 vobis
952 1359 1014 1401 non
1026 1337 1168 1421 displicet
1185 1339 1357 1421 prolixitas.
1370 1338 1411 1421 ω)

722 1507 729 1519 ‚
780 1442 999 1514 Matronae.

377 1528 449 1594 Mon
472 1529 623 1612 displioet,
646 1529 702 1592 sed
725 1529 859 1611 elata⁶⁰)
882 1529 994 1590 funera
1015 1529 1104 1610 sequi
1125 1529 1237 1611 placet.

792 1768 1010 1851 Sapientia.
1080 1769 1083 1776 '
1148 1797 1150 1804 ·

377 1856 461 1920 Eooe
483 1856 579 1926 loeus.
977 1865 980 1874 '
1114 1855 1128 1942 ⁹.

276 1938 281 1946 ’
788 1941 1010 2004 Matronae.

378 2044 446 2108 Hie
467 2064 578 2126 nempe
600 2044 763 2107 servandis
784 2045 923 2125 reliquiis
945 2049 993 2106 est
1015 2047 1115 2126 aptus.
1211 2031 1216 2040 ⁵

785 2147 1010 2230 Sapientia.

382 2233 546 2296 Floaoulos
567 2232 650 2296 uteri
670 2233 731 2295 mei
751 2233 815 2311 tibi,
837 2240 931 2308 terra,
954 2235 1124 2296 servandos
1153 2235 1317 2310 committo,
1340 2255 1417 2314 quos

294 2359 297 2366 ⁴
381 2340 417 2399 tn
435 2337 588 2399 materiali
601 2337 670 2400 sinu
685 2338 797 2414 foveto,
811 2337 851 2419 ⁶¹)
874 2337 971 2399 donee
989 2337 1021 2398 in
1042 2337 1286 2400 resurrreotione
1308 2337 1417 2418 maj0ri

381 2441 608 2503 reviridescant
630 2441 739 2521 gloria,
763 2445 795 2502 et
815 2443 858 2517 tu,
882 2438 1013 2515 Christe,
1036 2440 1153 2501 animes
1175 2439 1298 2531 interim
1320 2440 1413 2522 imple
1437 2449 1440 2454 ’

379 2544 607 2626 splendoribus,
629 2545 706 2607 dans
728 2544 887 2626 pacificam
908 2544 1048 2623 requiem
1070 2544 1198 2605 ossibus.
1277 2609 1280 2616 ,
1369 2559 1410 2582 ··

782 2646 1007 2709 Matronae.

378 2732 488 2796 Amen.

699 2871 701 2878 .
784 2817 1007 2900 Sapientia.

379 2918 495 2985 Grates
516 2925 642 2986 vestrae
665 2921 848 2984 humanitati
868 2942 924 3004 pro
947 2922 1104 2996 solamine,
1134 2921 1217 3004 quod
1238 2921 1413 2984 contulistis

380 3043 471 3094 meae
494 3011 625 3112 orbitati
633 3025 674 3106 ⁶²)
721 3073 724 3082 .
870 3007 887 3016 ..

590 3131 592 3135 ·
708 3119 711 3124 '
781 3109 1002 3172 Matronae.

370 3214 531 3291 ¹Utrumne
552 3213 611 3289 vis,
633 3233 689 3276 nos
711 3213 761 3275 hio
782 3216 885 3276 teoum
906 3213 1044 3275 morari?

380 3390 383 3400 .
790 3316 1008 3400 Sapientia.

376 3401 456 3466 Non.

787 3489 1008 3552 Matronae.

380 3572 443 3636 Cur
464 3575 550 3638 non?
812 3635 814 3642 Α

789 3660 1009 3746 Sapientia.

376 3762 426 3825 Me
450 3783 492 3824 ex
513 3783 581 3826 meo
605 3765 760 3828 oommodo
782 3765 873 3826 vobis
892 3764 1053 3843 ingeratur
1066 3762 1216 3824 molestia.
1261 3761 1308 3824 Sit
1328 3764 1413 3837 satis,

377 3866 459 3948 quod
480 3868 547 3928 tres
568 3869 675 3929 nootes
698 3887 819 3943 meeum
840 3866 1061 3949 permansistis.
1104 3864 1196 3934 Abite
1215 3866 1349 3948 inpane,
1365 3885 1412 3927 re·

245 4041 247 4044 ,
377 3970 535 4034 vertimini
556 3990 624 4032 oum
647 3972 756 4033 salute.

375 4093 529 4103 ——---—

356 4161 358 4166 ·
400 4125 744 4195 SDproltxlas‚M.u.'P.
772 4137 1097 4208 603SoM.;eteota,Mg·
1122 4137 1161 4191 ar)
1175 4133 1287 4191 faveto,
1302 4135 1334 4183 M.
1351 4149 1374 4181 u.
1388 4137 1412 4182 P.

452 4207 673 4263 ravennatus.
1329 4203 1333 4210 ·
