3134 4896
520 547 735 615 ..19-

205 722 345 786 Tradunt
365 723 503 787 ardentis
523 725 627 789 radios
647 723 839 809 praecellere
860 723 934 786 eolis
957 731 959 736 '

119 826 192 891 350.
204 828 333 890 Necnon
354 829 520 890 humanum
539 832 663 912 penitus
685 830 849 892 devincere
870 829 979 890 visum.

205 930 288 1003 Quid
308 933 443 994 referam
464 934 584 1014 digitos,
608 955 734 1017 operum
755 933 831 994 eatis
852 935 919 994 arte
941 931 1110 1014 probatos?

206 1035 346 1116 Namque
367 1057 460 1098 manu
482 1039 571 1100 docta
591 1037 724 1120 perfecit
743 1045 841 1120 parva
861 1036 973 1117 puella.

205 1139 333 1220 Nempe,
355 1140 412 1204 sibi
434 1161 571 1203 normam
592 1144 730 1203 statuens
751 1140 903 1222 ipsissima
925 1140 1041 1214 duram,

207 1241 354 1304 Omnibus
375 1243 407 1304 in
428 1246 542 1326 templo
564 1246 691 1306 vivebat
712 1244 848 1306 strictius
871 1263 946 1324 crgo

119 1342 192 1407 355.
204 1345 384 1425 Virginibus
405 1349 541 1428 reliquie,
562 1348 625 1410 illic
646 1348 763 1430 pariter
784 1347 924 1424 sociatis3

206 1450 286 1510 Nam
307 1453 426 1512 tantum
446 1451 580 1532 preculis
602 1452 719 1512 studuit
740 1451 909 1532 persistere
933 1449 1030 1512 sacris

206 1555 336 1617 Necnon
357 1554 468 1616 divinis
489 1575 611 1636 semper
633 1525 812 1616 constanter:
832 1556 863 1616 in
886 1553 960 1615 odie.

207 1659 260 1724 Ex
282 1679 341 1739 quo
364 1658 520 1719 discessae
542 1659 639 1720 noctis
661 1659 782 1740 periere
803 1660 960 1732 tenebrae,

207 1763 330 1824 Aurora
352 1763 519 1842 spargente
539 1763 664 1841 plagam
684 1763 786 1822 lucem
806 1781 863 1843 per
885 1761 990 1836 anm,

125 1863 197 1928 360.
209 1866 312 1927 Altius
333 1886 431 1946 usque
452 1865 557 1947 polum
577 1864 700 1927 Phoebo
722 1865 909 1926 ascendente
930 1881 1083 1939 serenum,

210 1969 317 2030 Tertia
335 1969 399 2049 jam
421 1969 509 2030 solito
531 1968 701 2030 devenerat
721 1970 797 2031 hora
819 1969 891 2045 diei,
1018 2015 1020 2018 -

211 2073 299 2134 Tunc
320 2092 380 2132 usu
402 2071 513 2151 digitos
536 2072 638 2152 operis
660 2072 823 2134 laxaverat
844 2075 939 2150 albos,

215 2175 312 2237 Docte
335 2174 498 2256 purpureis
519 2174 659 2237 instando
681 2175 813 2257 denique
835 2175 902 2237 filis.

218 2277 279 2340 Sed
294 2297 382 2353 mox,
405 2281 439 2338 ut
459 2296 540 2338 nona
562 2277 704 2340 Phoebus
726 2279 883 2341 descendit
904 2279 935 2340 in
956 2280 1041 2353 hora,

131 2379 201 2444 365.
214 2381 254 2444 Se
275 2382 418 2464 precibus
440 2381 529 2443 solito
551 2381 790 2443 reddit-famosa
809 2382 913 2464 puella

211 2486 259 2547 Ac
280 2485 380 2546 studio
401 2484 512 2545 mentis
534 2486 613 2544 bane
634 2485 816 2566 perduravit
836 2487 868 2544 in
889 2485 959 2560 illie,

212 2589 319 2669 Usque
341 2609 398 2670 per
413 2588 585 2668 angelicum
607 2588 738 2669 sumpsit
758 2605 846 2648 sacra
861 2587 958 2668 Virgo
980 2585 1151 2648 ministrum

214 2692 303 2754 Omni
323 2711 455 2772 namque
477 2691 525 2752 die
547 2691 671 2752 missam
693 2691 750 2752 eibi
772 2691 899 2753 coelitus
922 2709 1041 2769 escam3

215 2795 327 2857 Eecam
348 2795 507 2877 pontifices
530 2795 681 2856 dederant
703 2795 742 2855 de
763 2815 847 2856 more
869 2797 1020 2877 potentes.

128 2897 304 2962 370.Hanc
326 2899 425 2960 studio
447 2897 558 2959 mentis
581 2898 670 2960 citius
693 2899 843 2961 concessit
862 2898 978 2979 egenis.

215 3003 354 3083 Denique
377 3004 535 3078 coelestes,
557 3002 637 3083 lapsi
659 3003 697 3064 de
719 3003 830 3078 sidere,
854 3004 938 3063 cives

216 3105 305 3168 Hanc
328 3109 435 3168 crebro
457 3107 561 3167 verbis
584 3107 819 3168 consolabantur
841 3106 965 3182 amicis,¹

217 3209 371 3291 Spernere
392 3211 572 3271 terrestrem
593 3229 652 3289 quo
674 3229 747 3271 mox
768 3209 926 3270 didicisset
952 3226 1087 3271 amorem

216 3311 258 3374 Et
280 3316 397 3374 castam
417 3313 486 3391 regi
506 3316 640 3374 mentem
662 3331 789 3375 servare
811 3313 948 3394 perenni.

129 3412 203 3479 375.
217 3415 364 3495 Quisquis
386 3416 570 3496 languidolis
591 3415 728 3477 infirmus
755 3415 888 3495 denique
909 3415 1052 3478 membris

217 3518 309 3580 Hanc
330 3519 431 3582 saltim
452 3517 562 3600 tetigit,
584 3520 695 3601 raptim
717 3519 822 3580 salvus
843 3519 1000 3580 remeavit.
1113 3504 1119 3516 ’

252 3843 356 3968 cujus
379 3903 448 3946 cum
470 3877 610 3946 stabilem
630 3883 775 3954 volitaret
796 3873 876 3944 fama
897 3900 953 3966 per
975 3881 1088 3955 orbem,

155 3999 158 4004 “
222 3987 373 4050 Abiathar
394 3988 528 4068 reliquos
551 3983 662 4049 exorat
683 4006 777 4069 saepe
799 3986 942 4048 sacerdos

130 4145 315 4158 ‘uo-

159 4209 217 4273 asa
229 4226 393 4343 {³1¹⁸”'⁸}‘'
407 4225 432 4271 c.
445 4241 466 4271 o.
484 4225 507 4274 a.
536 4224 886 4283 aar.1aa·aaua,c.u.a
912 4224 958 4272 ava
974 4227 986 4284 ί
1000 4225 1012 4280 )
1026 4219 1156 4280 atussa,

255 4297 333 4351 ujus,
367 4325 372 4342 .

954 4347 1005 4416 ²*
