3122 4894
786 459 1023 538 -228-

392 637 440 707 tui
462 639 577 720 coaevi,
599 641 656 705 sed
678 618 771 710 etiam
794 644 880 706 senio
899 644 964 727 jam
986 642 1120 707 confecti
1140 645 1173 708 te
1194 643 1369 723 adeuntis
1392 639 1435 707 ad

399 750 566 814 amandum
586 747 753 810 confluunt.

849 832 986 896 Maria.
1044 859 1052 870 ¹

395 938 589 1019 Quicumque
609 956 660 999 me
682 935 825 1018 diligunt,
837 935 879 1017 ⁴²)
901 936 1063 1018 aequalem
1084 937 1197 999 amoris
1218 936 1319 1000 vicem
1341 957 1360 1000 a
1381 958 1432 1000 me

394 1042 557 1123 recipiunt.

808 1123 1016 1186 Abraham

397 1229 535 1306 Accede,
556 1226 666 1306 Maria,
690 1229 722 1290 et
743 1228 783 1290 da
803 1227 877 1288 mihi
898 1227 1046 1289 osculum

844 1329 982 1392 Maria.

325 1455 333 1468 ·
395 1433 466 1498 Non
488 1433 587 1496 solum
609 1433 710 1494 dulcia
732 1433 837 1495 oscula
858 1433 972 1511 libabo,
995 1433 1052 1494 sed
1073 1431 1166 1494 etiam
1187 1434 1306 1496 crebris
1328 1435 1429 1496 senile

292 1610 297 1618 ¹
397 1537 510 1599 collum
531 1536 725 1619 amplexibus
746 1537 894 1598 mulcebo.

808 1638 1018 1702 Abraham
1119 1639 1123 1646 '

397 1723 467 1788 Hoc
487 1726 570 1788 volo.

853 1809 987 1871 Maria.

401 1913 485 1984 Quid
507 1913 631 1974 sentio?
655 1911 740 1982 Quid
762 1914 934 1994 stupendae
957 1912 1103 1974 novitatis
1126 1913 1280 1992 gustando
1302 1913 1434 1975 haurio?

359 2088 361 2092 ¹
398 2015 491 2089 Ecce,
515 2015 590 2077 odor
612 2015 701 2076 istius
722 2016 913 2094 fragrantiae
935 2016 1112 2096 praetendit
1133 2017 1338 2097 fragrantiam
1359 2015 1436 2077 mihi

400 2120 556 2200 quondam
577 2118 710 2180 usitatae
731 2118 944 2180 abstinentiae.

812 2221 1022 2284 Abraham.

400 2325 501 2402 Nunc,
523 2345 606 2388 nunc
634 2327 683 2388 est
696 2323 738 2408 43)
771 2325 989 2400 simulandum,
1018 2344 1101 2386 nunc
1128 2324 1320 2387 lascivientis
1349 2345 1437 2388 moro

401 2430 492 2513 pueri
511 2429 589 2512 jocis
610 2429 794 2506 instandum,
809 2448 850 2489 ne
873 2431 905 2490 et
926 2448 985 2507 ego
1008 2445 1160 2507 agnoscar
1177 2429 1436 2511 praegrandem,

402 2534 525 2617 etipsa
546 2552 582 2594 se
603 2533 716 2594 reddat
735 2532 872 2594 latibulis
894 2550 969 2612 prae
991 2531 1119 2612 pudore.

849 2633 989 2696 Maria.

402 2736 472 2803 Vae
501 2738 575 2801 mihi
603 2736 734 2800 infelici!
766 2736 858 2802 Unde
888 2737 986 2799 cecidi
1014 2740 1047 2800 et
1073 2736 1106 2799 iu
1134 2755 1226 2819 quam
1253 2737 1437 2822 perditionis
1537 2807 1538 2816 χ

404 2833 528 2906 foveam
551 2841 675 2904 corrui?

814 2925 1022 2988 Abraham.

403 3029 466 3093 Hic
485 3049 548 3091 non
571 3029 732 3111 estaptus
754 3029 901 3110 querelae
922 3030 1025 3106 locus,
1054 3029 1108 3091 ubi
1136 3029 1337 3093 convivarum
1364 3049 1437 3094 oon·

404 3133 473 3194 fluit
497 3133 677 3194 conventus.

784 3231 1055 3300 Stabularius.

409 3328 528 3397 Domna
549 3333 659 3413 Maria,
682 3357 738 3398 cur
760 3340 893 3420 suspiria
915 3339 1035 3401 trahis?
1066 3335 1128 3399 Cur
1149 3338 1256 3400 mades
1277 3337 1438 3399 lacrimis?

407 3431 518 3502 Nonne
541 3459 598 3522 per
618 3432 776 3503 biennium
803 3443 852 3504 hic
875 3438 1117 3518 conversabaris,
1148 3444 1180 3502 et
1208 3459 1375 3520 numquam
1397 3459 1440 3502 ex

405 3545 439 3605 te
462 3549 595 3624 gemtus
617 3546 767 3628 prorupit,
789 3565 955 3626 numquam
976 3545 1094 3607 tristior
1116 3563 1216 3606 sermo
1238 3543 1375 3626 prodiit?

854 3663 990 3725 Maria.

408 3761 445 3843 0,
466 3767 584 3828 utinam
611 3765 740 3828 fuissem
768 3769 840 3828 ante
850 3767 892 3848 ⁴⁴)
915 3769 1008 3829 trium
1035 3785 1184 3829 annorum
1213 3767 1312 3850 spatia
1338 3769 1439 3829 morto

411 3872 582 3952 absumpta,
604 3889 644 3931 ne
666 3870 815 3932 adtenta
838 3871 1017 3932 devenirem
1038 3870 1171 3950 flagitia!

408 4021 589 4035 hn——u—

434 4104 670 4162 mdlllgntbl.
700 4102 1041 4159 la)e·rrelrrrnl².‚c.‚s,n.
1060 4103 1107 4158 big.
1134 4096 1315 4158 ltJrnlelilurn
1329 4109 1439 4151 morte...

500 4170 545 4234 ης
559 4184 698 4217 canoram
712 4175 811 4229 spatia
823 4174 985 4230 lalcometur,
997 4173 1081 4216 welche
1090 4172 1189 4230 ⁸21ch„
1198 4173 1230 4229 0.,
1242 4173 1266 4217 S.
1274 4173 1350 4232 πῶς.
1358 4175 1440 4228 haban.

49 4613 51 4620 ’
342 4489 1005 4868 Hir
