3134 4896
544 484 759 572 μιᾷ.»

138 676 294 768 2855110
317 684 432 748 sociata
454 682 550 746 sacris
570 681 753 763 virguncula
773 697 871 763 parve
891 665 1005 762 puellis

231 791 359 872 Semper
381 788 492 850 divinis
513 787 575 848 illic
596 788 751 869 perstaret
772 785 804 846 in
826 784 900 858 odis,

231 894 331 965 Quem
351 891 460 952 merito
482 891 565 952 cives
588 890 738 951 coelestes
759 889 850 949 laude
873 887 1079 966 frequentant.

269 997 344 1058 Post
364 997 449 1070 haec,
471 993 503 1054 in
524 993 630 1074 templi
651 990 936 1070 subsistensssimite
959 989 1047 1065 sacri,

228 1101 399 1162 Ascensum
421 1098 573 1177 graduum
594 1096 693 1156 subito
715 1098 763 1157 ter
785 1095 918 1174 quinque
940 1092 1090 1174 supinum,

143 1201 381 1267 mammenus
402 1202 453 1262 aet
472 1201 521 1275 tis,
540 1200 605 1279 jam
625 1199 717 1279 plena
737 1197 813 1272 Deo,
834 1196 970 1280 puerilis,

231 1306 388 1367 Audacter
410 1303 513 1378 currit,
534 1303 654 1364 vultum
674 1321 732 1362 nec
753 1303 837 1363 retro
858 1299 990 1375 reflexit,

227 1409 364 1482 Quaerat
385 1409 420 1468 ut
441 1409 577 1468 astantes
598 1405 749 1466 infantum
768 1424 853 1466 more
874 1409 1029 1485 parentes.

274 1511 332 1573 His
355 1529 448 1591 super
469 1508 598 1584 aooonsi,
619 1508 769 1570 mirantur
790 1507 921 1587 denique
944 1505 1046 1569 cuncti

227 1614 375 1676 Astantes
395 1613 507 1695 populi,
529 1612 636 1692 templi
656 1612 832 1692 pariterque
859 1610 998 1684 ministri,

140 1715 212 1781 295.
225 1718 388 1782 Pontifices
409 1717 468 1798 ipsi
489 1716 603 1776 facturn
623 1715 750 1775 laudent
771 1733 891 1794 quoque
913 1713 1011 1795 primi,

225 1821 379 1894 Dicentes,
400 1821 485 1882 tanto
508 1819 588 1899 quod
610 1821 682 1880 tunc
703 1817 854 1879 infantula
875 1817 966 1892 facto,

226 1924 286 1985 Per
309 1943 343 1984 se
367 1923 440 2003 quid
460 1921 536 1997 fieri,
558 1921 781 2003 praesignaret,
804 1921 863 1983 cito
885 1920 997 2000 magni.

170 2023 178 2043 '
226 2025 268 2089 Et
289 2046 365 2088 vere
384 2025 496 2106 magni,
520 2025 636 2086 cunctis
657 2025 827 2104 meritoque
849 2025 1000 2106 stupendi.

269 2129 360 2200 Quod
382 2128 466 2190 credi
487 2130 594 2210 majus,
614 2128 667 2188 vel
689 2125 770 2208 quod
791 2131 898 2208 posset
923 2129 990 2190 fore
1012 2130 1120 2213 majus,

149 2231 216 2295 300.
230 2233 330 2304 Quam
352 2232 433 2312 quod
453 2232 593 2310 virgineo
614 2231 750 2313 portarit
770 2234 880 2293 venue
901 2233 1006 2314 puella

225 2335 374 2416 Magnum
395 2335 543 2396 factorem
563 2334 668 2395 mundi
687 2334 902 2416 propriumque
924 2337 1106 2416 parentem?

226 2438 293 2500 Nec
314 2438 431 2513 mirum,
454 2457 575 2498 sursum
597 2438 697 2518 coepit
716 2437 742 2498 si
763 2427 861 2518 figere
884 2457 1034 2518 gressum,

225 2541 333 2602 Infans
354 2541 492 2602 lacteolis
514 2541 616 2601 suerat
638 2541 710 2600 dum
730 2541 862 2622 parvula
882 2541 1035 2618 membris,

233 2644 341 2721 Quam,
363 2643 456 2706 Pater
478 2643 566 2719 alme,
589 2645 641 2705 tuo
664 2643 768 2706 ditasti
788 2643 911 2706 flamine
933 2663 1030 2720 sacro,

148 2743 218 2809 305.
230 2747 310 2808 Dum
331 2747 435 2808 fuerat
455 2749 581 2808 sanotae
604 2745 760 2827 genitricis
782 2748 902 2808 condita
924 2751 1043 2824 ventre,

231 2850 392 2913 Praescius
412 2850 491 2910 hanc
513 2851 609 2911 oolam
630 2853 714 2912 certe
737 2851 904 2913 consistere
927 2837 1051 2932 dignam

227 2953 278 3015 Ad
299 2953 414 3036 proprii
434 2956 557 3035 partum
576 2953 642 3014 nati
662 2973 719 3034 per
742 2955 847 3016 secula
867 2955 939 3030 noti,

230 3056 292 3127 Qui
312 3060 390 3138 post,
413 3075 579 3136 corporeae
600 3058 701 3118 tectus
721 3058 873 3120 velamine
894 3059 1020 3134 formae,

226 3160 399 3221 Ascensum
420 3160 572 3239 graduum
593 3159 709 3221 cunctis
731 3161 878 3242 patefecit
898 3161 930 3222 in
951 3179 1071 3237 aevum,

14 3231 15 3254 1
141 3259 213 3324 310.
224 3263 286 3325 Per
308 3282 384 3344 quos
410 3263 450 3324 ad
470 3263 600 3344 patriam
620 3264 752 3325 tendunt
771 3284 911 3326 remeare
932 3266 1078 3341 relictam,

226 3363 282 3427 Oui
305 3363 444 3428 Christus
464 3385 584 3442 nomeu,
607 3366 656 3428 cui
676 3367 743 3427 laus
766 3369 806 3430 sit
831 3369 967 3446 coelitus,
989 3369 1098 3432 Amen.

269 3467 392 3530 Scilicet
413 3472 445 3530 et
465 3469 610 3550 genitrix,
632 3469 687 3530 tali
708 3471 792 3532 facto
808 3473 887 3532 hene
909 3471 995 3547 felix,

226 3569 420 3635 Conlaudans
441 3592 549 3653 regem
571 3572 681 3634 cecinit
702 3573 746 3634 sic
767 3572 858 3634 Anna
877 3593 1061 3655 perennem:

225 3674 444 3758 „Omnipotens
465 3679 575 3752 rector,
597 3677 680 3738 solus
700 3676 824 3756 pietatis
845 3680 971 3752 amator,

140 3775 212 3842 315.
222 3777 417 3868 „Clementer
437 3780 559 3861 propiro
580 3779 681 3840 fecisti
700 3779 778 3840 mira
797 3781 929 3861 popello,

225 3881 406 3963 „Aspiciens
420 3883 565 3944 humilem
578 3882 750 3946 miserando
771 3901 871 3944 meam
885 3903 1005 3966 quoque
1018 3885 1161 3965 mentem,

166 4173 212 4218 351.
227 4175 268 4218 ιη
285 4173 364 4229 sigere,
378 4171 434 4219 (λιι,
444 4169 467 4218 S.
480 4171 526 4219 307.
545 4171 668 4228 peremnia
685 4174 758 4231 nati,
774 4171 856 4222 uus
872 4173 918 4223 31⁰·
927 4186 968 4230 per
980 4186 1057 4232 quar,
1072 4175 1096 4223 C.
1106 4177 1159 4226 ius.

230 4244 277 4288 ³12.
291 4244 380 4299 lactu,
398 4243 712 4302 M.;1’.tlndertlniaeto.
987 4299 1008 4364 2
