3122 4894
168 1028 252 1090 Num
273 1027 347 1089 mihi
369 1028 485 1109 aliquid
507 1029 599 1091 affers
622 1031 752 1109 gaudii?

336 1217 342 1230 .
581 1133 788 1198 Abraham.

168 1216 217 1279 Ac
238 1235 351 1296 magm·
597 1303 775 1386 Ephrem.

170 1404 286 1482 Placet,
308 1424 367 1466 nec
388 1405 504 1482 dubito,
527 1407 600 1487 quin
622 1407 753 1470 Mariam
773 1407 1006 1473 nanciscereris.

560 1547 562 1552 ·
582 1510 784 1575 Abraham.

167 1592 377 1684 Nanciscebar
399 1595 491 1675 plane
514 1597 547 1659 et
567 1597 708 1676 gaudens
730 1593 843 1658 reduxi
864 1597 904 1660 ad
927 1597 1016 1661 ovile.

596 1699 773 1780 Ephrem.

167 1780 300 1842 Divinae
322 1783 424 1862 gratia
445 1784 630 1846 visitationis
653 1786 776 1861 factum,
799 1785 900 1846 credo.

578 1887 784 1950 Abraham

167 1970 281 2032 Procul
303 1970 403 2032 dubio.

598 2057 625 2120 E
660 2060 774 2120 hrem.

167 2158 291 2218 Vellem
315 2160 404 2236 scire,
427 2159 559 2240 qualiter
578 2080 671 2244 juxlia
690 2151 724 2224 id
745 2162 892 2254 temporis
913 2164 1010 2228 vitam
1029 2183 1193 2245 moresque
1240 2235 1249 2252 ι

166 2262 365 2323 ordinaverit.

579 2350 782 2415 Abraham.

166 2433 266 2496 Juxta
284 2451 387 2496 meum
407 2435 499 2496 uelle.

590 2520 772 2602 Ephrem.

163 2620 232 2684 Hoc
255 2622 300 2683 illi
323 2623 452 2704 expedit
472 2624 526 2685 uel
546 2625 688 2686 maxime.

165 2809 322 2891 Quicquid
344 2809 403 2891 ipsi
423 2727 917 2894 agendumApllpiohsiffquamvis
930 2813 1064 2892 difficile,
1088 2833 1192 2898 quam-

162 2914 213 2974 vis
242 2933 357 2994 grave,
387 2914 461 2976 haut
483 2917 646 2996 abrogavit
668 2918 781 2978 subire.

591 3019 770 3102 Ephrem.

160 3098 341 3161 Laudabile.
546 3141 550 3148 ·
574 3138 780 3202 Abraham.

161 3214 242 3283 Nam
266 3221 372 3281 induta
395 3221 491 3283 cilicio
504 3223 897 3304 continuaquevigiliarum
918 3228 949 3287 et
968 3224 1079 3307 jejunii
1102 3245 1191 3290 excr-

161 3325 309 3385 citatione
331 3328 508 3402 macerata‚
538 3327 710 3387 artissimas
731 3327 811 3405 legis
834 3329 1049 3390 observatione
1078 3349 1190 3412 corpus

159 3430 302 3489 tenorum
324 3428 445 3489 animae
468 3429 551 3508 cogit
562 3428 602 3512 64)
624 3429 689 3510 pati
710 3429 879 3510 imperium.

157 3614 301 3695 Aequum
336 3618 399 3691 est,
423 3618 457 3678 ut
479 3531 974 3697 iniquaiffliiilgsmlelectations
996 3616 1192 3682 eliminentur

160 3719 329 3780 acerbitate
351 3719 571 3798 castigationis.

570 3821 777 3884 Abraham.
875 3867 877 3878 .

155 3923 303 4003 Quisquis
328 3924 396 4003 ejus
419 3925 555 3986 lamenta
576 3927 738 4006 intellegit,
761 3928 864 3987 mente
886 3926 1088 4004 uulneratum
1108 3925 1188 4009 quis·

159 4027 227 4106 quis
251 4028 508 4108 conpunctionem
530 4029 632 4104 sentit,
655 4033 686 4091 et
707 4030 774 4112 ipse
799 4028 1013 4110 conpungitur.

179 4193 217 4250 64)
232 4195 336 4250 coegit,
351 4193 375 4236 0.
392 4205 414 4238 a.
428 4193 450 4238 S.
