3134 4896
591 401 609 438 ι

568 463 783 532 *53-

290 643 440 708 Reddens
461 661 611 725 responsa
632 642 706 706 talia
728 663 804 705 uoce
826 643 893 726 pia:

160 749 234 814 275.
248 751 336 826 „Non
359 750 450 810 decet
471 749 548 810 haec
568 747 695 822 meritis,
718 747 825 827 iuquit,
847 749 896 808 sat
918 748 1047 810 credere
1069 751 1193 826 nostris,

290 853 462 932 „Umquam
484 851 596 912 tantilli
619 851 662 912 nil
683 850 756 931 quia
779 851 952 925 commerui,

245 956 377 1032 „Restat
398 955 583 1036 multiplices
604 951 725 1014 Christo
749 953 804 1014 sed
826 972 965 1034 pangere
989 959 1106 1034 grates,

289 1059 371 1137 „Qui
391 1078 541 1141 praesens
564 1056 686 1118 famulis
708 1076 831 1138 semper
853 1055 942 1119 adest
963 1059 1123 1142 propriis-‘⁶

246 1163 386 1237 Dixerat,
410 1165 442 1224 et
464 1161 552 1222 solito
576 1160 669 1220 tinxit
689 1179 724 1220 se
747 1159 832 1220 fonte
854 1161 986 1235 novello,

158 1264 231 1330 280.
290 1265 386 1328 Lotus
409 1268 441 1326 et
462 1264 627 1326 altithrono
649 1262 726 1323 haee
749 1262 860 1324 cecinit
880 1262 1027 1326 Domino:

330 1367 376 1444 „0
399 1386 521 1448 semper
542 1367 651 1447 pietas
680 1368 805 1427 nostrae
828 1385 900 1447 spes
922 1367 1013 1428 unica
1034 1369 1143 1430 vitae!

289 1471 335 1547 „O
357 1453 406 1534 uis
429 1470 551 1534 divinae
574 1469 707 1532 maxima
729 1468 897 1549 gratiolae!

248 1574 342 1651 „Odis
364 1574 432 1654 quis
454 1574 533 1656 potis
557 1575 605 1636 est
627 1572 729 1654 dignis
753 1591 829 1654 opus
852 1572 1066 1654 omnipotentis

287 1677 442 1754 „Artificis
463 1675 569 1738 mundi
591 1676 802 1759 aequiperare,
824 1674 906 1737 Dei?

158 1779 230 1844 285.
249 1780 330 1856 „Qui
352 1799 433 1841 noua
455 1780 632 1861 praeteritis
655 1779 758 1840 reddit
778 1798 840 1839 non
863 1779 987 1842 dissona
1009 1780 1114 1861 signis,

286 1883 413 1960 „Omnia
436 1903 492 1968 per
515 1883 654 1962 genitum
677 1883 760 1942 acela
782 1902 897 1962 regens
919 1884 1083 1966 proprium.

251 1987 358 2063 „Haec
380 1992 452 2048 sunt
473 1986 597 2050 uirtutis
619 1987 762 2066 propriae
782 1986 939 2062 miracula,
962 1985 1093 2063 Christe,
1212 2004 1219 2020 ⁶

290 2089 371 2165 „Qui
394 2090 548 2170 quondam
569 2090 681 2170 populo
703 2092 810 2172 utpote
829 2089 953 2172 judaico
1116 2075 1121 2086 ⁵

246 2193 393 2270 „Petram
411 2193 531 2273 jussisti
552 2193 649 2254 lactes
672 2191 831 2254 effundere
854 2191 960 2254 dulces
1044 2250 1047 2258 ,
1124 2229 1128 2236 -

157 2294 231 2362 290.
290 2296 351 2372 „Et
373 2296 420 2357 sal
442 2296 530 2357 triste
550 2295 610 2356 laci
633 2295 722 2356 dulce
746 2295 821 2356 satis
844 2295 918 2358 fieri.

243 2399 348 2475 „Inde
372 2399 533 2480 potestatis
555 2419 616 2460 non
638 2399 786 2461 inmemor
807 2400 887 2460 alme
909 2399 1052 2473 tonantis,

286 2503 377 2578 „Qua
399 2521 504 2564 rerum
525 2502 637 2563 trinam
656 2503 728 2583 jure
750 2501 834 2582 regis
863 2501 1042 2575 machinam,

244 2597 330 2680 „Hoc
351 2625 434 2668 nuno
456 2610 488 2667 et
509 2605 623 2668 nostris
645 2605 772 2666 voluisti
795 2605 923 2666 credere
947 2605 1040 2666 terris

284 2709 453 2784 „Indicium
476 2728 607 2788 magnae
630 2710 731 2770 nobile
754 2708 912 2789 gloriolae,

156 2809 229 2874 295.
244 2811 332 2887 „Quo
356 2813 476 2874 discant
498 2815 630 2874 teretem
652 2813 803 2892 degentes
827 2831 921 2893 saepe
943 2832 1000 2894 per
1022 2816 1135 2888 orbem,

289 2916 353 2990 „Te
376 2935 498 2998 semper
518 2917 618 2978 solum
640 2935 718 2988 esse,
742 2916 848 2992 luisse,
870 2916 979 2978 Deum.
1083 2957 1085 2964 ι

246 3017 333 3092 „Hoc
356 3038 478 3100 quoque
500 3038 582 3079 nunc
604 3018 681 3080 Jesu
702 3018 830 3080 Domino
853 3019 987 3080 concede
1009 3023 1146 3102 precatu,

285 3122 420 3197 „Abluat
441 3125 477 3184 ut
495 3123 617 3183 morbos
638 3122 697 3182 iste
717 3122 817 3202 liquor
839 3123 950 3199 varios,

243 3225 331 3300 „Quo
353 3228 385 3288 te
408 3225 573 3288 dulcisonis
597 3225 762 3287 conlaudet
783 3226 910 3292 vocibus
934 3227 1040 3302 omnis,

155 3325 229 3392 300.
289 3328 371 3403 „Qui
393 3349 427 3390 se
450 3330 603 3402 saluatum
625 3329 739 3390 sentiat
762 3332 794 3391 et
814 3329 978 3392 validum.“

244 3431 333 3493 Haec
355 3432 406 3506 ait,
430 3435 461 3500 et
483 3451 591 3495 rocem
614 3431 754 3515 sequitur
776 3431 860 3493 salus
883 3434 964 3494 alma
985 3435 1170 3516 loquentem,

284 3533 398 3616 Fitque
420 3535 553 3601 salubris
575 3553 665 3615 aqua,
686 3537 755 3596 laus
777 3535 827 3618 pia
850 3535 890 3596 sit
911 3536 1058 3600 Domino!

328 3635 404 3699 Post
423 3639 500 3699 haec
512 3638 662 3722 pervasti
677 3639 811 3702 volitans
827 3639 1072 3710 citomachinam
1082 3641 1189 3706 mundi

285 3738 444 3802 Proditrix
466 3741 555 3821 signi,
578 3743 668 3818 sama,
691 3742 766 3804 satis
788 3742 901 3826 placiti,

184 3995 231 4038 275.
249 3994 314 4036 decet
329 3994 374 4037 ht·
388 3997 481 4050 meritis,
495 3998 520 4041 C.
535 4011 555 4040 u.
572 3997 595 4041 S.
612 3999 723 4052 inquld,
737 4000 768 4044 Μ.
802 4000 849 4044 ’184ι
867 4002 1073 4057 aequiparare,
1086 4003 1110 4046 C.
1125 4016 1146 4046 n.
1166 4003 1190 4044 S.

182 4063 759 4123 rso.0mnan1‚nr.;r.e.orrrgurrnomnra;
790 4068 1043 4122 aulaumaiu&
1076 4073 1189 4126 mtrl,

241 4131 303 4173 Mu.
314 4131 392 4176 ΗΜ.
408 4133 566 4188 socierum,
582 4137 606 4177 G.
620 4149 642 4177 u.
661 4137 683 4178 S.
695 4139 741 4183 ‘292
760 4136 907 4195 deisonis,
923 4140 953 4184 Μ,
974 4153 997 4186 u.
1011 4135 1041 4184 Ῥ.
1061 4141 1190 4198 vargum.

184 4199 766 4282 masalmam„F.,c.u.8.3vergl.29'2.
811 4210 815 4224 ¹
1063 4216 1065 4224 '
