<?xml version="1.0" encoding="UTF-8"?>
<!DOCTYPE html PUBLIC "-//W3C//DTD XHTML 1.0 Transitional//EN"
    "http://www.w3.org/TR/xhtml1/DTD/xhtml1-transitional.dtd">
<html xmlns="http://www.w3.org/1999/xhtml" xml:lang="en" lang="en">
 <head>
  <title>
</title>
<meta http-equiv="Content-Type" content="text/html;charset=utf-8" />
  <meta name='ocr-system' content='tesseract 3.04.00' />
  <meta name='ocr-capabilities' content='ocr_page ocr_carea ocr_par ocr_line ocrx_word'/>
</head>
<body>
  <div class='ocr_page' id='page_1' title='image "./diewerkederhrot00hrotgoog_0198.png"; bbox 0 0 3138 4888; ppageno 0'>
   <div class='ocr_carea' id='block_1_1' title="bbox 582 457 822 530">
    <p class='ocr_par' dir='ltr' id='par_1_1' title="bbox 582 457 822 530">
     <span class='ocr_line' id='line_1_1' title="bbox 582 457 822 530; baseline -0.042 0"><span class='ocrx_word' id='word_1_1' title='bbox 582 457 822 530; x_wconf 60' lang='grc' dir='ltr'><strong>-109,Ε</strong></span> 
     </span>
    </p>
   </div>
   <div class='ocr_carea' id='block_1_2' title="bbox 149 635 1303 3906">
    <p class='ocr_par' dir='ltr' id='par_1_2' title="bbox 213 635 1105 921">
     <span class='ocr_line' id='line_1_2' title="bbox 213 635 991 719; baseline -0.005 -17"><span class='ocrx_word' id='word_1_2' title='bbox 213 637 264 703; x_wconf 82' lang='lat'><strong>25.</strong></span> <span class='ocrx_word' id='word_1_3' title='bbox 277 639 371 704; x_wconf 83' lang='lat' dir='ltr'>Urbis</span> <span class='ocrx_word' id='word_1_4' title='bbox 395 637 443 699; x_wconf 88' lang='lat' dir='ltr'><strong>cui</strong></span> <span class='ocrx_word' id='word_1_5' title='bbox 465 637 582 719; x_wconf 87' lang='lat' dir='ltr'><strong>primns</strong></span> <span class='ocrx_word' id='word_1_6' title='bbox 604 635 770 718; x_wconf 81' lang='lat' dir='ltr'><strong>Dionysius</strong></span> <span class='ocrx_word' id='word_1_7' title='bbox 792 635 859 716; x_wconf 86' lang='lat' dir='ltr'><strong>ipse</strong></span> <span class='ocrx_word' id='word_1_8' title='bbox 882 638 991 704; x_wconf 76' lang='lat' dir='ltr'><strong>beatus</strong></span> 
     </span>
     <span class='ocr_line' id='line_1_3' title="bbox 281 741 1105 823; baseline -0.001 -19"><span class='ocrx_word' id='word_1_9' title='bbox 281 741 436 823; x_wconf 80' lang='lat' dir='ltr'><strong>Exposuit</strong></span> <span class='ocrx_word' id='word_1_10' title='bbox 458 759 590 814; x_wconf 85' lang='lat' dir='ltr'><strong>oausam,</strong></span> <span class='ocrx_word' id='word_1_11' title='bbox 612 759 669 820; x_wconf 89' lang='lat' dir='ltr'><strong>pro</strong></span> <span class='ocrx_word' id='word_1_12' title='bbox 691 755 751 818; x_wconf 89' lang='lat' dir='ltr'><strong>qua</strong></span> <span class='ocrx_word' id='word_1_13' title='bbox 772 741 992 804; x_wconf 71' lang='lat' dir='ltr'><strong>construxerat</strong></span> <span class='ocrx_word' id='word_1_14' title='bbox 1011 757 1105 815; x_wconf 77' lang='lat' dir='ltr'><strong>aram,</strong></span> 
     </span>
     <span class='ocr_line' id='line_1_4' title="bbox 283 839 1021 921; baseline -0.005 -15"><span class='ocrx_word' id='word_1_15' title='bbox 283 844 324 906; x_wconf 89' lang='lat' dir='ltr'><strong>Et</strong></span> <span class='ocrx_word' id='word_1_16' title='bbox 347 845 400 916; x_wconf 88' lang='lat' dir='ltr'><strong>sic,</strong></span> <span class='ocrx_word' id='word_1_17' title='bbox 421 843 549 904; x_wconf 85' lang='lat' dir='ltr'><strong>alternis</strong></span> <span class='ocrx_word' id='word_1_18' title='bbox 571 839 761 904; x_wconf 73' lang='lat' dir='ltr'><strong>certantibus</strong></span> <span class='ocrx_word' id='word_1_19' title='bbox 782 861 858 920; x_wconf 79' lang='lat' dir='ltr'><strong>ergo</strong></span> <span class='ocrx_word' id='word_1_20' title='bbox 881 842 1021 921; x_wconf 79' lang='lat' dir='ltr'>loquelis,</span> 
     </span>
    </p>

    <p class='ocr_par' dir='ltr' id='par_1_3' title="bbox 283 944 1155 1126">
     <span class='ocr_line' id='line_1_5' title="bbox 283 944 1076 1020; baseline -0.003 -12"><span class='ocrx_word' id='word_1_21' title='bbox 283 947 344 1018; x_wconf 87' lang='lat' dir='ltr'><strong>Qui</strong></span> <span class='ocrx_word' id='word_1_22' title='bbox 366 947 425 1007; x_wconf 86' lang='lat' dir='ltr'><strong>fuit</strong></span> <span class='ocrx_word' id='word_1_23' title='bbox 446 946 633 1020; x_wconf 86' lang='lat' dir='ltr'><strong>incredulus,</strong></span> <span class='ocrx_word' id='word_1_24' title='bbox 656 944 728 1004; x_wconf 88' lang='lat' dir='ltr'><strong>fidei</strong></span> <span class='ocrx_word' id='word_1_25' title='bbox 748 944 843 1006; x_wconf 88' lang='lat' dir='ltr'><strong>cessit</strong></span> <span class='ocrx_word' id='word_1_26' title='bbox 864 945 944 1009; x_wconf 86' lang='lat' dir='ltr'><strong>bene</strong></span> <span class='ocrx_word' id='word_1_27' title='bbox 966 944 1076 1008; x_wconf 88' lang='lat' dir='ltr'><strong>victus.</strong></span> 
     </span>
     <span class='ocr_line' id='line_1_6' title="bbox 316 1047 1155 1126; baseline -0.004 -15"><span class='ocrx_word' id='word_1_28' title='bbox 316 1050 391 1112; x_wconf 91' lang='lat' dir='ltr'><strong>Post</strong></span> <span class='ocrx_word' id='word_1_29' title='bbox 413 1050 489 1110; x_wconf 89' lang='lat' dir='ltr'><strong>haee</strong></span> <span class='ocrx_word' id='word_1_30' title='bbox 511 1061 674 1126; x_wconf 83' lang='lat' dir='ltr'><strong>egressus,</strong></span> <span class='ocrx_word' id='word_1_31' title='bbox 703 1063 795 1108; x_wconf 90' lang='lat' dir='ltr'><strong>caeco</strong></span> <span class='ocrx_word' id='word_1_32' title='bbox 818 1047 872 1109; x_wconf 82' lang='lat' dir='ltr'><strong>dat</strong></span> <span class='ocrx_word' id='word_1_33' title='bbox 892 1047 1007 1112; x_wconf 83' lang='lat' dir='ltr'><strong>lumina</strong></span> <span class='ocrx_word' id='word_1_34' title='bbox 1028 1047 1155 1123; x_wconf 88' lang='lat' dir='ltr'><strong>Paulus,</strong></span> 
     </span>
    </p>

    <p class='ocr_par' dir='ltr' id='par_1_4' title="bbox 217 1147 1303 1336">
     <span class='ocr_line' id='line_1_7' title="bbox 217 1147 1303 1232; baseline -0.004 -18"><span class='ocrx_word' id='word_1_35' title='bbox 217 1151 267 1214; x_wconf 83' lang='lat'><strong>30.</strong></span> <span class='ocrx_word' id='word_1_36' title='bbox 284 1152 385 1224; x_wconf 83' lang='lat' dir='ltr'>Quem</span> <span class='ocrx_word' id='word_1_37' title='bbox 404 1169 572 1232; x_wconf 84' lang='lat' dir='ltr'><strong>properare</strong></span> <span class='ocrx_word' id='word_1_38' title='bbox 594 1147 717 1229; x_wconf 88' lang='lat' dir='ltr'><strong>quidem</strong></span> <span class='ocrx_word' id='word_1_39' title='bbox 739 1149 828 1210; x_wconf 89' lang='lat' dir='ltr'><strong>citius</strong></span> <span class='ocrx_word' id='word_1_40' title='bbox 849 1150 1009 1230; x_wconf 87' lang='lat' dir='ltr'><strong>praecepit</strong></span> <span class='ocrx_word' id='word_1_41' title='bbox 1029 1151 1061 1212; x_wconf 89' lang='lat' dir='ltr'><strong>in</strong></span> <span class='ocrx_word' id='word_1_42' title='bbox 1083 1152 1199 1212; x_wconf 86' lang='lat' dir='ltr'><strong>urbem.</strong></span> <span class='ocrx_word' id='word_1_43' title='bbox 1300 1175 1303 1182; x_wconf 95' lang='lat'>·</span> 
     </span>
     <span class='ocr_line' id='line_1_8' title="bbox 281 1252 1180 1336; baseline -0.002 -20"><span class='ocrx_word' id='word_1_44' title='bbox 281 1255 374 1316; x_wconf 90' lang='lat' dir='ltr'><strong>Hunc</strong></span> <span class='ocrx_word' id='word_1_45' title='bbox 393 1255 532 1316; x_wconf 84' lang='lat' dir='ltr'><strong>functum</strong></span> <span class='ocrx_word' id='word_1_46' title='bbox 553 1268 684 1313; x_wconf 82' lang='lat' dir='ltr'><strong>cernens</strong></span> <span class='ocrx_word' id='word_1_47' title='bbox 705 1252 881 1334; x_wconf 84' lang='lat' dir='ltr'><strong>praedictus</strong></span> <span class='ocrx_word' id='word_1_48' title='bbox 901 1252 1015 1314; x_wconf 88' lang='lat' dir='ltr'><strong>lumine</strong></span> <span class='ocrx_word' id='word_1_49' title='bbox 1036 1253 1180 1336; x_wconf 79' lang='lat' dir='ltr'><strong>princeps</strong></span> 
     </span>
    </p>

    <p class='ocr_par' dir='ltr' id='par_1_5' title="bbox 149 1354 977 1434">
     <span class='ocr_line' id='line_1_9' title="bbox 149 1354 977 1434; baseline -0.001 -16"><span class='ocrx_word' id='word_1_50' title='bbox 149 1403 152 1410; x_wconf 88' lang='lat'><em>.</em></span> <span class='ocrx_word' id='word_1_51' title='bbox 280 1357 322 1418; x_wconf 84' lang='lat' dir='ltr'><strong>Et</strong></span> <span class='ocrx_word' id='word_1_52' title='bbox 344 1357 475 1418; x_wconf 90' lang='lat' dir='ltr'><strong>eredens</strong></span> <span class='ocrx_word' id='word_1_53' title='bbox 496 1357 594 1434; x_wconf 85' lang='lat' dir='ltr'><strong>signo,</strong></span> <span class='ocrx_word' id='word_1_54' title='bbox 616 1354 719 1416; x_wconf 80' lang='lat' dir='ltr'><strong>divino</strong></span> <span class='ocrx_word' id='word_1_55' title='bbox 740 1355 865 1417; x_wconf 88' lang='lat' dir='ltr'><strong>numine</strong></span> <span class='ocrx_word' id='word_1_56' title='bbox 886 1356 977 1432; x_wconf 80' lang='lat' dir='ltr'><strong>iacto,</strong></span> 
     </span>
    </p>

    <p class='ocr_par' dir='ltr' id='par_1_6' title="bbox 282 1457 1119 1642">
     <span class='ocr_line' id='line_1_10' title="bbox 283 1457 1033 1539; baseline 0.003 -19"><span class='ocrx_word' id='word_1_57' title='bbox 283 1460 425 1521; x_wconf 79' lang='lat' dir='ltr'><strong>Festinat</strong></span> <span class='ocrx_word' id='word_1_58' title='bbox 446 1459 546 1520; x_wconf 90' lang='lat' dir='ltr'><strong>subito</strong></span> <span class='ocrx_word' id='word_1_59' title='bbox 567 1457 692 1518; x_wconf 87' lang='lat' dir='ltr'><strong>Damari</strong></span> <span class='ocrx_word' id='word_1_60' title='bbox 713 1475 782 1518; x_wconf 92' lang='lat' dir='ltr'><strong>cum</strong></span> <span class='ocrx_word' id='word_1_61' title='bbox 805 1460 937 1539; x_wconf 82' lang='lat' dir='ltr'><strong>conjuge</strong></span> <span class='ocrx_word' id='word_1_62' title='bbox 960 1478 1033 1522; x_wconf 85' lang='lat' dir='ltr'><strong>cara</strong></span> 
     </span>
     <span class='ocr_line' id='line_1_11' title="bbox 282 1561 1119 1642; baseline 0 -17"><span class='ocrx_word' id='word_1_63' title='bbox 282 1563 430 1642; x_wconf 82' lang='lat' dir='ltr'><strong>Pergere,</strong></span> <span class='ocrx_word' id='word_1_64' title='bbox 454 1582 513 1642; x_wconf 95' lang='lat' dir='ltr'><strong>quo</strong></span> <span class='ocrx_word' id='word_1_65' title='bbox 534 1561 666 1622; x_wconf 91' lang='lat' dir='ltr'><strong>Paulum</strong></span> <span class='ocrx_word' id='word_1_66' title='bbox 687 1565 877 1640; x_wconf 80' lang='lat' dir='ltr'><strong>cognoverat</strong></span> <span class='ocrx_word' id='word_1_67' title='bbox 899 1581 970 1624; x_wconf 90' lang='lat' dir='ltr'><strong>esse</strong></span> <span class='ocrx_word' id='word_1_68' title='bbox 986 1563 1119 1639; x_wconf 87' lang='lat' dir='ltr'><strong>beatum,</strong></span> 
     </span>
    </p>

    <p class='ocr_par' dir='ltr' id='par_1_7' title="bbox 215 1663 951 1747">
     <span class='ocr_line' id='line_1_12' title="bbox 215 1663 951 1747; baseline -0.004 -20"><span class='ocrx_word' id='word_1_69' title='bbox 215 1663 266 1727; x_wconf 80' lang='lat'><strong>35.</strong></span> <span class='ocrx_word' id='word_1_70' title='bbox 282 1666 387 1747; x_wconf 81' lang='lat' dir='ltr'>Ipsius</span> <span class='ocrx_word' id='word_1_71' title='bbox 410 1665 506 1728; x_wconf 81' lang='lat' dir='ltr'><strong>multa</strong></span> <span class='ocrx_word' id='word_1_72' title='bbox 525 1664 605 1744; x_wconf 89' lang='lat' dir='ltr'><strong>juris</strong></span> <span class='ocrx_word' id='word_1_73' title='bbox 627 1664 790 1726; x_wconf 78' lang='lat' dir='ltr'><strong>conuitante</strong></span> <span class='ocrx_word' id='word_1_74' title='bbox 813 1668 951 1739; x_wconf 79' lang='lat' dir='ltr'><strong>caterva,</strong></span> 
     </span>
    </p>

    <p class='ocr_par' dir='ltr' id='par_1_8' title="bbox 281 1767 1088 1934">
     <span class='ocr_line' id='line_1_13' title="bbox 281 1767 1088 1849; baseline 0.002 -21"><span class='ocrx_word' id='word_1_75' title='bbox 281 1769 343 1838; x_wconf 84' lang='lat' dir='ltr'><strong>Qui</strong></span> <span class='ocrx_word' id='word_1_76' title='bbox 363 1771 480 1849; x_wconf 87' lang='lat' dir='ltr'><strong>pariter</strong></span> <span class='ocrx_word' id='word_1_77' title='bbox 501 1767 651 1847; x_wconf 82' lang='lat' dir='ltr'><strong>(luerent)</strong></span> <span class='ocrx_word' id='word_1_78' title='bbox 673 1783 761 1828; x_wconf 89' lang='lat' dir='ltr'><strong>sacro</strong></span> <span class='ocrx_word' id='word_1_79' title='bbox 784 1767 968 1846; x_wconf 75' lang='lat' dir='ltr'><strong>baptismate</strong></span> <span class='ocrx_word' id='word_1_80' title='bbox 991 1768 1088 1843; x_wconf 88' lang='lat' dir='ltr'><strong>tincti,</strong></span> 
     </span>
     <span class='ocr_line' id='line_1_14' title="bbox 284 1869 1012 1934; baseline 0.001 -1"><span class='ocrx_word' id='word_1_81' title='bbox 284 1871 417 1934; x_wconf 83' lang='lat' dir='ltr'><strong>Prorsus</strong></span> <span class='ocrx_word' id='word_1_82' title='bbox 437 1870 542 1934; x_wconf 88' lang='lat' dir='ltr'><strong>delicti</strong></span> <span class='ocrx_word' id='word_1_83' title='bbox 562 1869 748 1932; x_wconf 86' lang='lat' dir='ltr'><strong>mundantur</strong></span> <span class='ocrx_word' id='word_1_84' title='bbox 770 1870 862 1931; x_wconf 90' lang='lat' dir='ltr'><strong>sorde</strong></span> <span class='ocrx_word' id='word_1_85' title='bbox 882 1871 1012 1934; x_wconf 83' lang='lat' dir='ltr'><strong>veterni.</strong></span> 
     </span>
    </p>

    <p class='ocr_par' dir='ltr' id='par_1_9' title="bbox 283 1972 1134 2157">
     <span class='ocr_line' id='line_1_15' title="bbox 323 1972 1134 2054; baseline 0.002 -20"><span class='ocrx_word' id='word_1_86' title='bbox 323 1974 373 2050; x_wconf 90' lang='lat' dir='ltr'><strong>Et,</strong></span> <span class='ocrx_word' id='word_1_87' title='bbox 396 1974 448 2053; x_wconf 93' lang='lat' dir='ltr'><strong>qui</strong></span> <span class='ocrx_word' id='word_1_88' title='bbox 470 1974 536 2036; x_wconf 87' lang='lat' dir='ltr'><strong>dux</strong></span> <span class='ocrx_word' id='word_1_89' title='bbox 557 1972 655 2054; x_wconf 90' lang='lat' dir='ltr'><strong>plebis</strong></span> <span class='ocrx_word' id='word_1_90' title='bbox 677 1972 788 2046; x_wconf 80' lang='lat' dir='ltr'><strong>fuerat,</strong></span> <span class='ocrx_word' id='word_1_91' title='bbox 811 1973 975 2034; x_wconf 87' lang='lat' dir='ltr'><strong>simulacra</strong></span> <span class='ocrx_word' id='word_1_92' title='bbox 996 1973 1134 2049; x_wconf 80' lang='lat' dir='ltr'><strong>colentia,</strong></span> 
     </span>
     <span class='ocr_line' id='line_1_16' title="bbox 283 2075 1056 2157; baseline 0.001 -19"><span class='ocrx_word' id='word_1_93' title='bbox 283 2076 413 2138; x_wconf 87' lang='lat' dir='ltr'><strong>Praesul</strong></span> <span class='ocrx_word' id='word_1_94' title='bbox 435 2076 584 2138; x_wconf 89' lang='lat' dir='ltr'><strong>catholico</strong></span> <span class='ocrx_word' id='word_1_95' title='bbox 605 2075 805 2157; x_wconf 76' lang='lat' dir='ltr'><strong>praeponitur</strong></span> <span class='ocrx_word' id='word_1_96' title='bbox 828 2083 903 2154; x_wconf 76' lang='lat' dir='ltr'><strong>ergo</strong></span> <span class='ocrx_word' id='word_1_97' title='bbox 925 2077 1056 2156; x_wconf 86' lang='lat' dir='ltr'><strong>popello.</strong></span> 
     </span>
    </p>

    <p class='ocr_par' dir='ltr' id='par_1_10' title="bbox 216 2178 1106 2566">
     <span class='ocr_line' id='line_1_17' title="bbox 216 2178 1051 2260; baseline -0.004 -19"><span class='ocrx_word' id='word_1_98' title='bbox 216 2178 267 2241; x_wconf 79' lang='lat'><strong>40,</strong></span> <span class='ocrx_word' id='word_1_99' title='bbox 281 2180 350 2256; x_wconf 90' lang='lat' dir='ltr'><strong>Hic,</strong></span> <span class='ocrx_word' id='word_1_100' title='bbox 374 2181 499 2260; x_wconf 87' lang='lat' dir='ltr'><strong>praesul</strong></span> <span class='ocrx_word' id='word_1_101' title='bbox 522 2181 631 2252; x_wconf 86' lang='lat' dir='ltr'><strong>sactus,</strong></span> <span class='ocrx_word' id='word_1_102' title='bbox 653 2179 730 2240; x_wconf 89' lang='lat' dir='ltr'><strong>mira</strong></span> <span class='ocrx_word' id='word_1_103' title='bbox 753 2178 889 2239; x_wconf 88' lang='lat' dir='ltr'><strong>bonitate</strong></span> <span class='ocrx_word' id='word_1_104' title='bbox 911 2179 1051 2252; x_wconf 89' lang='lat' dir='ltr'><strong>decorus,</strong></span> 
     </span>
     <span class='ocr_line' id='line_1_18' title="bbox 284 2280 1106 2362; baseline 0.001 -19"><span class='ocrx_word' id='word_1_105' title='bbox 284 2282 416 2344; x_wconf 86' lang='lat' dir='ltr'><strong>Sedulus</strong></span> <span class='ocrx_word' id='word_1_106' title='bbox 437 2284 572 2346; x_wconf 84' lang='lat' dir='ltr'><strong>officium</strong></span> <span class='ocrx_word' id='word_1_107' title='bbox 593 2283 672 2343; x_wconf 89' lang='lat' dir='ltr'><strong>bene</strong></span> <span class='ocrx_word' id='word_1_108' title='bbox 695 2280 860 2362; x_wconf 85' lang='lat' dir='ltr'><strong>complevit</strong></span> <span class='ocrx_word' id='word_1_109' title='bbox 881 2281 938 2342; x_wconf 90' lang='lat' dir='ltr'><strong>sibi</strong></span> <span class='ocrx_word' id='word_1_110' title='bbox 956 2282 1106 2362; x_wconf 87' lang='lat' dir='ltr'><strong>junctum,</strong></span> 
     </span>
     <span class='ocr_line' id='line_1_19' title="bbox 281 2384 1062 2465; baseline -0.001 -18"><span class='ocrx_word' id='word_1_111' title='bbox 281 2386 437 2448; x_wconf 87' lang='lat' dir='ltr'><strong>Absentes</strong></span> <span class='ocrx_word' id='word_1_112' title='bbox 460 2385 593 2465; x_wconf 88' lang='lat' dir='ltr'><strong>scriptis,</strong></span> <span class='ocrx_word' id='word_1_113' title='bbox 614 2391 795 2465; x_wconf 82' lang='lat' dir='ltr'><strong>praesentes</strong></span> <span class='ocrx_word' id='word_1_114' title='bbox 818 2384 950 2464; x_wconf 89' lang='lat' dir='ltr'><strong>denique</strong></span> <span class='ocrx_word' id='word_1_115' title='bbox 973 2385 1062 2446; x_wconf 87' lang='lat' dir='ltr'><strong>dictis</strong></span> 
     </span>
     <span class='ocr_line' id='line_1_20' title="bbox 283 2485 1067 2566; baseline 0 -18"><span class='ocrx_word' id='word_1_116' title='bbox 283 2489 335 2549; x_wconf 85' lang='lat' dir='ltr'><strong>Ad</strong></span> <span class='ocrx_word' id='word_1_117' title='bbox 356 2507 451 2550; x_wconf 83' lang='lat' dir='ltr'><strong>verae</strong></span> <span class='ocrx_word' id='word_1_118' title='bbox 474 2488 590 2548; x_wconf 89' lang='lat' dir='ltr'><strong>cultum</strong></span> <span class='ocrx_word' id='word_1_119' title='bbox 611 2488 684 2548; x_wconf 89' lang='lat' dir='ltr'><strong>fldei</strong></span> <span class='ocrx_word' id='word_1_120' title='bbox 705 2485 846 2550; x_wconf 88' lang='lat' dir='ltr'><strong>ducendo</strong></span> <span class='ocrx_word' id='word_1_121' title='bbox 868 2487 1067 2566; x_wconf 87' lang='lat' dir='ltr'><strong>sequendum.</strong></span> 
     </span>
    </p>

    <p class='ocr_par' dir='ltr' id='par_1_11' title="bbox 283 2589 1223 2674">
     <span class='ocr_line' id='line_1_21' title="bbox 283 2589 1223 2674; baseline 0 -22"><span class='ocrx_word' id='word_1_122' title='bbox 283 2591 362 2652; x_wconf 85' lang='lat' dir='ltr'><strong>Nam</strong></span> <span class='ocrx_word' id='word_1_123' title='bbox 379 2591 532 2670; x_wconf 88' lang='lat' dir='ltr'><strong>quondam</strong></span> <span class='ocrx_word' id='word_1_124' title='bbox 548 2609 692 2670; x_wconf 87' lang='lat' dir='ltr'><strong>pergens,</strong></span> <span class='ocrx_word' id='word_1_125' title='bbox 710 2609 815 2651; x_wconf 89' lang='lat' dir='ltr'><strong>semen</strong></span> <span class='ocrx_word' id='word_1_126' title='bbox 827 2589 915 2652; x_wconf 76' lang='lat' dir='ltr'><strong>verbi</strong></span> <span class='ocrx_word' id='word_1_127' title='bbox 927 2609 1048 2670; x_wconf 89' lang='lat' dir='ltr'><strong>quoque</strong></span> <span class='ocrx_word' id='word_1_128' title='bbox 1060 2609 1223 2674; x_wconf 86' lang='lat' dir='ltr'><strong>spargens,</strong></span> 
     </span>
    </p>

    <p class='ocr_par' dir='ltr' id='par_1_12' title="bbox 217 2690 1025 2774">
     <span class='ocr_line' id='line_1_22' title="bbox 217 2690 1025 2774; baseline 0 -20"><span class='ocrx_word' id='word_1_129' title='bbox 217 2690 268 2754; x_wconf 85' lang='lat'><strong>45.</strong></span> <span class='ocrx_word' id='word_1_130' title='bbox 284 2692 417 2774; x_wconf 86' lang='lat' dir='ltr'><strong>Hospes,</strong></span> <span class='ocrx_word' id='word_1_131' title='bbox 435 2695 500 2774; x_wconf 87' lang='lat' dir='ltr'><strong>jam</strong></span> <span class='ocrx_word' id='word_1_132' title='bbox 520 2696 673 2772; x_wconf 75' lang='lat' dir='ltr'><strong>vergente</strong></span> <span class='ocrx_word' id='word_1_133' title='bbox 696 2692 754 2766; x_wconf 87' lang='lat' dir='ltr'><strong>die,</strong></span> <span class='ocrx_word' id='word_1_134' title='bbox 777 2693 877 2755; x_wconf 85' lang='lat' dir='ltr'><strong>fertur</strong></span> <span class='ocrx_word' id='word_1_135' title='bbox 898 2691 1025 2774; x_wconf 85' lang='lat' dir='ltr'><strong>petiisse</strong></span> 
     </span>
    </p>

    <p class='ocr_par' dir='ltr' id='par_1_13' title="bbox 156 2793 1203 2970">
     <span class='ocr_line' id='line_1_23' title="bbox 156 2793 1203 2884; baseline 0.001 -27"><span class='ocrx_word' id='word_1_136' title='bbox 156 2877 160 2884; x_wconf 24' lang='grc' dir='ltr'>ι</span> <span class='ocrx_word' id='word_1_137' title='bbox 286 2794 434 2858; x_wconf 86' lang='lat' dir='ltr'><strong>Sanctum</strong></span> <span class='ocrx_word' id='word_1_138' title='bbox 454 2798 672 2882; x_wconf 87' lang='lat' dir='ltr'><strong>presbyterum</strong></span> <span class='ocrx_word' id='word_1_139' title='bbox 694 2793 888 2869; x_wconf 81' lang='lat' dir='ltr'><strong>Cretensem,</strong></span> <span class='ocrx_word' id='word_1_140' title='bbox 911 2796 1033 2860; x_wconf 88' lang='lat' dir='ltr'><strong>nomine</strong></span> <span class='ocrx_word' id='word_1_141' title='bbox 1055 2794 1203 2882; x_wconf 88' lang='lat' dir='ltr'><strong>Carpum,</strong></span> 
     </span>
     <span class='ocr_line' id='line_1_24' title="bbox 282 2899 1034 2970; baseline 0.001 -9"><span class='ocrx_word' id='word_1_142' title='bbox 282 2899 344 2970; x_wconf 75' lang='lat' dir='ltr'><strong>uui</strong></span> <span class='ocrx_word' id='word_1_143' title='bbox 365 2900 445 2960; x_wconf 89' lang='lat' dir='ltr'><strong>male</strong></span> <span class='ocrx_word' id='word_1_144' title='bbox 466 2900 591 2962; x_wconf 88' lang='lat' dir='ltr'><strong>tristitia</strong></span> <span class='ocrx_word' id='word_1_145' title='bbox 612 2901 852 2962; x_wconf 79' lang='lat' dir='ltr'><strong>conturbabatur</strong></span> <span class='ocrx_word' id='word_1_146' title='bbox 874 2919 979 2962; x_wconf 85' lang='lat' dir='ltr'><strong>amara</strong></span> <span class='ocrx_word' id='word_1_147' title='bbox 1031 2957 1034 2962; x_wconf 82' lang='lat'><em>.</em></span> 
     </span>
    </p>

    <p class='ocr_par' dir='ltr' id='par_1_14' title="bbox 281 2984 999 3187">
     <span class='ocr_line' id='line_1_25' title="bbox 281 2984 989 3085; baseline 0.003 -23"><span class='ocrx_word' id='word_1_148' title='bbox 281 3003 410 3067; x_wconf 80' lang='lat' dir='ltr'><strong>Necnon</strong></span> <span class='ocrx_word' id='word_1_149' title='bbox 431 2984 502 3085; x_wconf 74' lang='lat' dir='ltr'><strong>plus</strong></span> <span class='ocrx_word' id='word_1_150' title='bbox 522 3003 605 3066; x_wconf 87' lang='lat' dir='ltr'><strong>licito</strong></span> <span class='ocrx_word' id='word_1_151' title='bbox 627 3021 777 3064; x_wconf 88' lang='lat' dir='ltr'><strong>succensa</strong></span> <span class='ocrx_word' id='word_1_152' title='bbox 799 3004 913 3066; x_wconf 86' lang='lat' dir='ltr'><strong>ferbuit</strong></span> <span class='ocrx_word' id='word_1_153' title='bbox 933 3004 989 3079; x_wconf 87' lang='lat' dir='ltr'><strong>ira,</strong></span> 
     </span>
     <span class='ocr_line' id='line_1_26' title="bbox 283 3105 999 3187; baseline 0.003 -21"><span class='ocrx_word' id='word_1_154' title='bbox 283 3105 421 3177; x_wconf 82' lang='lat' dir='ltr'><strong>Quidam</strong></span> <span class='ocrx_word' id='word_1_155' title='bbox 443 3107 568 3186; x_wconf 78' lang='lat' dir='ltr'><strong>gentilis</strong></span> <span class='ocrx_word' id='word_1_156' title='bbox 590 3107 662 3186; x_wconf 89' lang='lat' dir='ltr'><strong>quia</strong></span> <span class='ocrx_word' id='word_1_157' title='bbox 684 3107 842 3187; x_wconf 87' lang='lat' dir='ltr'><strong>perversis</strong></span> <span class='ocrx_word' id='word_1_158' title='bbox 864 3107 999 3168; x_wconf 87' lang='lat' dir='ltr'><strong>suadelis</strong></span> 
     </span>
    </p>

    <p class='ocr_par' dir='ltr' id='par_1_15' title="bbox 218 3205 1202 3493">
     <span class='ocr_line' id='line_1_27' title="bbox 218 3205 1158 3291; baseline 0.003 -22"><span class='ocrx_word' id='word_1_159' title='bbox 218 3205 268 3270; x_wconf 85' lang='lat'><strong>50.</strong></span> <span class='ocrx_word' id='word_1_160' title='bbox 283 3209 372 3270; x_wconf 84' lang='lat' dir='ltr'><strong>Fecit</strong></span> <span class='ocrx_word' id='word_1_161' title='bbox 394 3209 599 3273; x_wconf 89' lang='lat' dir='ltr'><strong>christicolam</strong></span> <span class='ocrx_word' id='word_1_162' title='bbox 620 3209 692 3270; x_wconf 87' lang='lat' dir='ltr'><strong>fidei</strong></span> <span class='ocrx_word' id='word_1_163' title='bbox 715 3228 804 3272; x_wconf 88' lang='lat' dir='ltr'><strong>sacra</strong></span> <span class='ocrx_word' id='word_1_164' title='bbox 826 3229 974 3291; x_wconf 89' lang='lat' dir='ltr'><strong>spernere</strong></span> <span class='ocrx_word' id='word_1_165' title='bbox 997 3211 1158 3291; x_wconf 88' lang='lat' dir='ltr'><strong>quendam.</strong></span> 
     </span>
     <span class='ocr_line' id='line_1_28' title="bbox 282 3310 1202 3401; baseline 0.004 -29"><span class='ocrx_word' id='word_1_166' title='bbox 282 3310 375 3372; x_wconf 88' lang='lat' dir='ltr'><strong>Hunc</strong></span> <span class='ocrx_word' id='word_1_167' title='bbox 396 3313 428 3371; x_wconf 89' lang='lat' dir='ltr'><strong>et</strong></span> <span class='ocrx_word' id='word_1_168' title='bbox 450 3313 665 3401; x_wconf 83' lang='lat' dir='ltr'><strong>presbyterum</strong></span> <span class='ocrx_word' id='word_1_169' title='bbox 687 3315 813 3391; x_wconf 87' lang='lat' dir='ltr'><strong>praesul</strong></span> <span class='ocrx_word' id='word_1_170' title='bbox 834 3315 932 3375; x_wconf 90' lang='lat' dir='ltr'><strong>sensit</strong></span> <span class='ocrx_word' id='word_1_171' title='bbox 953 3315 1021 3377; x_wconf 86' lang='lat' dir='ltr'><strong>fore</strong></span> <span class='ocrx_word' id='word_1_172' title='bbox 1042 3320 1202 3397; x_wconf 86' lang='lat' dir='ltr'><strong>moestum,</strong></span> 
     </span>
     <span class='ocr_line' id='line_1_29' title="bbox 283 3411 1033 3493; baseline 0.005 -17"><span class='ocrx_word' id='word_1_173' title='bbox 283 3411 414 3476; x_wconf 81' lang='lat' dir='ltr'><strong>Causam</strong></span> <span class='ocrx_word' id='word_1_174' title='bbox 437 3414 579 3476; x_wconf 88' lang='lat' dir='ltr'><strong>tristitiae</strong></span> <span class='ocrx_word' id='word_1_175' title='bbox 601 3414 706 3475; x_wconf 85' lang='lat' dir='ltr'><strong>verbis</strong></span> <span class='ocrx_word' id='word_1_176' title='bbox 728 3418 898 3493; x_wconf 83' lang='lat' dir='ltr'><strong>quaerebat</strong></span> <span class='ocrx_word' id='word_1_177' title='bbox 919 3417 1033 3493; x_wconf 85' lang='lat' dir='ltr'><strong>amicis,</strong></span> 
     </span>
    </p>

    <p class='ocr_par' dir='ltr' id='par_1_16' title="bbox 284 3515 1112 3702">
     <span class='ocr_line' id='line_1_30' title="bbox 284 3515 1112 3598; baseline 0.002 -20"><span class='ocrx_word' id='word_1_178' title='bbox 284 3516 334 3592; x_wconf 88' lang='lat' dir='ltr'><strong>Et,</strong></span> <span class='ocrx_word' id='word_1_179' title='bbox 357 3517 478 3578; x_wconf 89' lang='lat' dir='ltr'><strong>tristem</strong></span> <span class='ocrx_word' id='word_1_180' title='bbox 499 3517 621 3579; x_wconf 90' lang='lat' dir='ltr'><strong>monitis</strong></span> <span class='ocrx_word' id='word_1_181' title='bbox 643 3515 756 3578; x_wconf 84' lang='lat' dir='ltr'><strong>blande</strong></span> <span class='ocrx_word' id='word_1_182' title='bbox 777 3518 938 3580; x_wconf 83' lang='lat' dir='ltr'><strong>mulcendo</strong></span> <span class='ocrx_word' id='word_1_183' title='bbox 959 3519 1112 3598; x_wconf 80' lang='lat' dir='ltr'><strong>benignis,</strong></span> 
     </span>
     <span class='ocr_line' id='line_1_31' title="bbox 285 3618 1058 3702; baseline 0.006 -22"><span class='ocrx_word' id='word_1_184' title='bbox 285 3619 442 3696; x_wconf 81' lang='lat' dir='ltr'><strong>Suaserat,</strong></span> <span class='ocrx_word' id='word_1_185' title='bbox 466 3623 500 3682; x_wconf 90' lang='lat' dir='ltr'><strong>ut</strong></span> <span class='ocrx_word' id='word_1_186' title='bbox 520 3619 644 3682; x_wconf 89' lang='lat' dir='ltr'><strong>nimiam</strong></span> <span class='ocrx_word' id='word_1_187' title='bbox 666 3618 767 3680; x_wconf 88' lang='lat' dir='ltr'><strong>cordis</strong></span> <span class='ocrx_word' id='word_1_188' title='bbox 789 3620 959 3702; x_wconf 87' lang='lat' dir='ltr'><strong>deponeret</strong></span> <span class='ocrx_word' id='word_1_189' title='bbox 979 3621 1058 3685; x_wconf 80' lang='lat' dir='ltr'><strong>iram</strong></span> 
     </span>
    </p>

    <p class='ocr_par' dir='ltr' id='par_1_17' title="bbox 218 3719 987 3805">
     <span class='ocr_line' id='line_1_32' title="bbox 218 3719 987 3805; baseline 0 -21"><span class='ocrx_word' id='word_1_190' title='bbox 218 3719 268 3784; x_wconf 84' lang='lat'><strong>55.</strong></span> <span class='ocrx_word' id='word_1_191' title='bbox 283 3723 325 3784; x_wconf 83' lang='lat' dir='ltr'><strong>Et</strong></span> <span class='ocrx_word' id='word_1_192' title='bbox 345 3744 402 3804; x_wconf 93' lang='lat' dir='ltr'><strong>pro</strong></span> <span class='ocrx_word' id='word_1_193' title='bbox 424 3724 625 3805; x_wconf 89' lang='lat' dir='ltr'><strong>dampnandis</strong></span> <span class='ocrx_word' id='word_1_194' title='bbox 648 3725 794 3784; x_wconf 84' lang='lat' dir='ltr'><strong>exoraret</strong></span> <span class='ocrx_word' id='word_1_195' title='bbox 815 3723 987 3798; x_wconf 79' lang='lat' dir='ltr'><strong>scelerosis,</strong></span> 
     </span>
    </p>

    <p class='ocr_par' dir='ltr' id='par_1_18' title="bbox 285 3823 1027 3906">
     <span class='ocr_line' id='line_1_33' title="bbox 285 3823 1027 3906; baseline 0.003 -20"><span class='ocrx_word' id='word_1_196' title='bbox 285 3825 355 3902; x_wconf 87' lang='lat' dir='ltr'><strong>Qui,</strong></span> <span class='ocrx_word' id='word_1_197' title='bbox 379 3827 438 3888; x_wconf 90' lang='lat' dir='ltr'><strong>cito</strong></span> <span class='ocrx_word' id='word_1_198' title='bbox 461 3827 603 3890; x_wconf 85' lang='lat' dir='ltr'><strong>conversi</strong></span> <span class='ocrx_word' id='word_1_199' title='bbox 625 3823 808 3906; x_wconf 85' lang='lat' dir='ltr'><strong>Christoque</strong></span> <span class='ocrx_word' id='word_1_200' title='bbox 830 3826 1027 3902; x_wconf 86' lang='lat' dir='ltr'><strong>reconciliati,</strong></span> 
     </span>
    </p>
   </div>
   <div class='ocr_carea' id='block_1_3' title="bbox 224 3939 1226 4100">
    <p class='ocr_par' dir='ltr' id='par_1_19' title="bbox 224 3939 1226 4100">
     <span class='ocr_line' id='line_1_34' title="bbox 224 3939 1225 4032; baseline -0.002 -11"><span class='ocrx_word' id='word_1_201' title='bbox 224 3939 405 4028; x_wconf 53' lang='lat' dir='ltr'><strong>astarent,</strong></span> <span class='ocrx_word' id='word_1_202' title='bbox 428 3976 459 4018; x_wconf 80' lang='grc' dir='ltr'><strong>Μ.</strong></span> <span class='ocrx_word' id='word_1_203' title='bbox 473 3990 495 4019; x_wconf 80' lang='lat' dir='ltr'><strong>u.</strong></span> <span class='ocrx_word' id='word_1_204' title='bbox 510 3978 549 4030; x_wconf 55' lang='lat'><strong>1³4</strong></span> <span class='ocrx_word' id='word_1_205' title='bbox 571 3980 624 4018; x_wconf 73' lang='lat' dir='ltr'><strong>stult</strong></span> <span class='ocrx_word' id='word_1_206' title='bbox 638 3977 718 4018; x_wconf 71' lang='lat' dir='ltr'><strong>descen</strong></span> <span class='ocrx_word' id='word_1_207' title='bbox 739 3981 816 4019; x_wconf 69' lang='lat' dir='ltr'><strong>setun</strong></span> <span class='ocrx_word' id='word_1_208' title='bbox 832 3975 894 4021; x_wconf 67' lang='grc' dir='ltr'><strong>αι.</strong></span> <span class='ocrx_word' id='word_1_209' title='bbox 909 3976 933 4021; x_wconf 90' lang='lat' dir='ltr'><strong>S.</strong></span> <span class='ocrx_word' id='word_1_210' title='bbox 955 3977 1085 4030; x_wconf 74' lang='lat' dir='ltr'><strong>eupitius.</strong></span> <span class='ocrx_word' id='word_1_211' title='bbox 1113 3977 1225 4032; x_wconf 67' lang='lat' dir='ltr'><strong>uenatu,</strong></span> 
     </span>
     <span class='ocr_line' id='line_1_35' title="bbox 277 4043 1226 4100; baseline 0.003 -15"><span class='ocrx_word' id='word_1_212' title='bbox 277 4045 313 4086; x_wconf 80' lang='lat' dir='ltr'><strong>dte</strong></span> <span class='ocrx_word' id='word_1_213' title='bbox 327 4045 443 4088; x_wconf 68' lang='lat' dir='ltr'><strong>eumue</strong></span> <span class='ocrx_word' id='word_1_214' title='bbox 463 4047 503 4090; x_wconf 73' lang='lat' dir='ltr'><strong>den</strong></span> <span class='ocrx_word' id='word_1_215' title='bbox 518 4047 652 4100; x_wconf 73' lang='lat' dir='ltr'><strong>Dionysius,</strong></span> <span class='ocrx_word' id='word_1_216' title='bbox 677 4045 747 4100; x_wconf 64' lang='lat' dir='ltr'><strong>vergi.</strong></span> <span class='ocrx_word' id='word_1_217' title='bbox 770 4045 1001 4100; x_wconf 71' lang='lat' dir='ltr'><strong>Apostclflesabicbte.</strong></span> <span class='ocrx_word' id='word_1_218' title='bbox 1030 4045 1067 4088; x_wconf 70' lang='grc'><strong>36.</strong></span> <span class='ocrx_word' id='word_1_219' title='bbox 1082 4043 1127 4088; x_wconf 78' lang='lat' dir='ltr'><strong>(lul</strong></span> <span class='ocrx_word' id='word_1_220' title='bbox 1142 4048 1226 4100; x_wconf 73' lang='lat' dir='ltr'><strong>puriter</strong></span> 
     </span>
    </p>
   </div>
   <div class='ocr_carea' id='block_1_4' title="bbox 276 4113 1226 4252">
    <p class='ocr_par' dir='ltr' id='par_1_20' title="bbox 276 4113 1226 4252">
     <span class='ocr_line' id='line_1_36' title="bbox 276 4113 1226 4170; baseline 0.004 -16"><span class='ocrx_word' id='word_1_221' title='bbox 276 4125 353 4166; x_wconf 71' lang='lat' dir='ltr'><strong>nero,</strong></span> <span class='ocrx_word' id='word_1_222' title='bbox 374 4114 405 4156; x_wconf 72' lang='lat' dir='ltr'><strong>ll.</strong></span> <span class='ocrx_word' id='word_1_223' title='bbox 418 4125 440 4156; x_wconf 83' lang='grc' dir='ltr'><strong>ι.</strong></span> <span class='ocrx_word' id='word_1_224' title='bbox 456 4115 482 4158; x_wconf 83' lang='grc' dir='ltr'><strong>Ρ,</strong></span> <span class='ocrx_word' id='word_1_225' title='bbox 497 4114 541 4160; x_wconf 68' lang='lat' dir='ltr'><strong>lul</strong></span> <span class='ocrx_word' id='word_1_226' title='bbox 555 4116 640 4167; x_wconf 72' lang='lat' dir='ltr'><strong>puriter</strong></span> <span class='ocrx_word' id='word_1_227' title='bbox 653 4113 776 4158; x_wconf 73' lang='lat' dir='ltr'><strong>inerant</strong></span> <span class='ocrx_word' id='word_1_228' title='bbox 789 4127 862 4170; x_wconf 75' lang='lat' dir='ltr'><strong>nero,</strong></span> <span class='ocrx_word' id='word_1_229' title='bbox 877 4115 900 4158; x_wconf 86' lang='lat' dir='ltr'><strong>c.</strong></span> <span class='ocrx_word' id='word_1_230' title='bbox 918 4129 941 4162; x_wconf 86' lang='lat' dir='ltr'><strong>u.</strong></span> <span class='ocrx_word' id='word_1_231' title='bbox 957 4113 981 4162; x_wconf 82' lang='lat' dir='ltr'><strong>S.</strong></span> <span class='ocrx_word' id='word_1_232' title='bbox 1013 4117 1047 4160; x_wconf 74' lang='lat' dir='ltr'><strong>br.</strong></span> <span class='ocrx_word' id='word_1_233' title='bbox 1062 4113 1226 4158; x_wconf 66' lang='lat' dir='ltr'><strong>Wumbelnl.</strong></span> 
     </span>
     <span class='ocr_line' id='line_1_37' title="bbox 276 4181 676 4252; baseline 0.005 -29"><span class='ocrx_word' id='word_1_234' title='bbox 276 4181 342 4224; x_wconf 74' lang='lat' dir='ltr'><strong>Cu·</strong></span> <span class='ocrx_word' id='word_1_235' title='bbox 356 4187 385 4226; x_wconf 80' lang='lat' dir='ltr'><strong>et.</strong></span> <span class='ocrx_word' id='word_1_236' title='bbox 411 4183 445 4228; x_wconf 75' lang='lat'><strong>56.</strong></span> <span class='ocrx_word' id='word_1_237' title='bbox 460 4181 532 4238; x_wconf 70' lang='lat' dir='ltr'><strong>Quo,</strong></span> <span class='ocrx_word' id='word_1_238' title='bbox 549 4182 574 4228; x_wconf 85' lang='lat' dir='ltr'><strong>C.</strong></span> <span class='ocrx_word' id='word_1_239' title='bbox 588 4183 649 4225; x_wconf 77' lang='lat' dir='ltr'><strong>uus.</strong></span> <span class='ocrx_word' id='word_1_240' title='bbox 667 4237 676 4252; x_wconf 52' lang='grc' dir='ltr'><strong><em>Ι</em></strong></span> 
     </span>
    </p>
   </div>
   <div class='ocr_carea' id='block_1_5' title="bbox 0 0 1578 4888">
    <p class='ocr_par' dir='ltr' id='par_1_21' title="bbox 0 0 1578 4888">
     <span class='ocr_line' id='line_1_38' title="bbox 0 0 1578 4888; baseline 0 0"><span class='ocrx_word' id='word_1_241' title='bbox 0 0 1578 4888; x_wconf 95' lang='lat' dir='ltr'><strong> </strong></span> 
     </span>
    </p>
   </div>
  </div>
 </body>
</html>
