3080 4892
548 483 701 548 -335
745 523 788 534 -—

425 654 507 720 (Hier
525 653 613 711 fehlen
633 661 704 710 elwa
723 657 774 710 888
793 659 899 726 Vama

239 791 302 855 Sed
327 815 386 874 quo
409 795 548 872 regalem
570 795 667 876 patris
690 796 761 856 hinc
783 799 915 876 augeret
936 797 1091 858 honorem.

240 896 300 957 His
322 917 381 958 rex
404 899 576 980 compertis
600 919 640 959 ex
662 901 867 980 prosperitate
889 901 989 960 fidelis
1061 922 1066 930 ’

235 1000 385 1061 Laetatus
408 1001 512 1081 prolia,
534 1005 598 1062 tota
622 1003 784 1062 dulcedine
806 1003 918 1063 mentis
1073 1073 1076 1078 ¹

234 1101 322 1163 Haec
344 1103 389 1164 illi
409 1105 535 1164 mandat
557 1105 679 1185 scriptis
704 1105 850 1186 extimplo
873 1105 1026 1166 remissis:
1073 1104 1076 1112 ’

149 1204 222 1267 830.
238 1205 295 1280 „In
319 1208 476 1268 saeculum
498 1209 614 1268 saeculi
635 1212 758 1270 maneat
779 1209 846 1268 laus
870 1207 1086 1290 Omnipotenti,

236 1310 317 1385 „Qui
341 1309 425 1370 dedit
447 1311 478 1370 in
501 1311 595 1370 tantis
618 1313 714 1372 temet
736 1312 874 1390 gaudere
897 1302 1050 1388 secun'dis,

237 1410 370 1487 „Grates
392 1416 484 1492 atque
507 1412 562 1474 tibi
585 1414 706 1488 dentur,
730 1416 887 1475 carissime
909 1415 961 1492 fili,

237 1515 359 1590 „Quem
380 1519 521 1577 constare
544 1517 667 1596 quidem
689 1519 811 1598 penitus
835 1537 987 1598 cognosco
1009 1517 1149 1595 fldelam3

236 1619 341 1693 „Haut
364 1621 495 1681 obscura
517 1623 589 1681 tuac
612 1621 684 1680 fidei
707 1622 777 1699 quia
799 1621 888 1699 signa
916 1621 1036 1696 dedisti,
1069 1602 1077 1710 ᾗ

150 1718 223 1782 835.
236 1719 333 1796 „Cum
354 1743 411 1802 per
432 1725 463 1784 te
486 1743 618 1802 regnum
641 1722 768 1803 cupiens
791 1741 961 1802 augescere
984 1726 1132 1797 nostrum,

235 1824 392 1904 „Signasti
413 1827 501 1887 nobis
523 1825 640 1907 proprii
662 1827 756 1887 decus
779 1845 867 1887 omne
889 1826 1012 1887 laboris.

236 1925 337 2002 „Hinc
360 1949 418 2007 ego
442 1931 611 2008 gratanter,
635 1949 713 2009 quae
736 1929 837 1990 fecisti
859 1929 1025 2010 sapienter,

237 2029 429 2112 „Accipiena
452 2033 520 2092 vice
543 2051 693 2093 conversa
716 2033 867 2112 condigna
889 2033 1035 2114 rependo,

236 2133 325 2208 „Hoc
346 2134 505 2215 ipsumque
528 2135 582 2196 tibi
604 2155 736 2215 regnum
759 2136 912 2197 committo
935 2137 1117 2216 regendum,

150 2233 221 2296 840,
234 2235 386 2317 „Imperio
409 2238 499 2298 subdi
520 2240 625 2299 nostro
649 2238 731 2318 quod
754 2239 953 2316 constituisti3

235 2339 475 2420 „Praecipieqne
498 2341 552 2401 tibi
571 2341 675 2422 jussis,
699 2341 819 2417 dilecte,
842 2342 989 2424 paternis,

235 2443 305 2517 „Ut
329 2463 419 2523 quem
441 2443 563 2504 victrici
584 2445 731 2525 populum
754 2445 866 2505 dextra
888 2443 1050 2524 superasti,

234 2546 381 2626 „Absque
403 2565 489 2608 mora
512 2557 616 2608 tecum
638 2547 734 2608 facias
757 2547 880 2608 firmare
902 2547 1080 2608 tenendum,
1161 2535 1165 2540 ’

234 2650 387 2725 „Foedus
411 2669 479 2710 cum
498 2651 674 2730 juramento
697 2653 848 2712 structum
869 2648 1061 2710 metuendo.“

150 2748 220 2812 845.
236 2751 325 2813 Haec
347 2753 412 2814 dux
433 2751 595 2814 Liudulfus
618 2753 745 2815 decreta
765 2755 875 2832 legens
896 2752 1104 2828 venerandus,

234 2853 359 2916 Laetior
380 2875 421 2916 ex
442 2855 625 2917 mandatelis
648 2859 752 2918 tantae
775 2857 908 2938 pietatis,

235 2956 345 3019 Jnssus
368 2978 436 3019 cum
455 2959 629 3040 juramento
651 2960 766 3039 religat
788 2959 845 3020 sibi
867 2959 953 3020 firmo
1168 3039 1172 3047 Ι

235 3059 285 3122 Ad
307 3063 403 3142 patris
426 3046 607 3142 obsequium
627 3063 773 3144 populum
795 3063 889 3142 digne
911 3055 1139 3124 moderandum.

234 3248 293 3312 His
315 3250 395 3311 bene
417 3249 582 3332 dispositis,
605 3270 722 3312 summe
745 3271 815 3312 cum
837 3253 964 3312 loedere
986 3252 1072 3334 pacis

114 3338 117 3345 Δ
150 3350 220 3414 850.
236 3353 359 3414 Ardeae
382 3355 517 3416 absentis
539 3355 651 3416 faciem
671 3355 820 3415 meruisse
841 3353 989 3436 parentis,

238 3454 386 3538 Conjngis
408 3461 440 3520 et
463 3477 553 3519 carae
577 3459 659 3519 dulci
681 3459 822 3520 devictus
845 3475 949 3518 amore

173 3710 222 3752 825.
236 3707 279 3750 Der
294 3709 380 3752 lustin
395 3709 434 3752 den
449 3707 579 3765 Fulgendon
597 3711 730 3764 verhindert,
745 3711 788 3753 den
804 3710 1001 3764 zenmmennong
1015 3721 1042 3751 nu
1059 3709 1181 3752 erkennen.

235 3779 258 3818 ln
274 3781 304 3824 Μ.
320 3779 376 3821 fehlt
389 3781 438 3822 liter
452 3782 501 3822 eine
516 3779 709 3834 gerzwssuatern,
723 3780 808 3822 welche
822 3781 857 3822 dle
872 3779 1006 3821 &sensate
1022 3791 1065 3819 von
1076 3780 1182 3822 953-957

232 3849 332 3893 enrrnett.
360 3849 686 3903 DieAnsgabenlmbendtese
699 3849 987 3904 Liiekegaazdlrerselren.
1015 3847 1182 3890 fflfiffienthal-

234 3921 272 3958 ton
294 3919 333 3958 dus
347 3917 408 3960 Eride
429 3921 469 3960 der
484 3919 612 3972 Enthlung
631 3929 674 3958 vce
694 3919 743 3960 dem
757 3919 823 3972 Stege
841 3919 881 3959 der
894 3917 1034 3970 liudulphus
1054 3919 1076 3957 in
1095 3917 1181 3970 italien,

230 3988 272 4028 den
294 3987 368 4028 dieser
388 3991 473 4030 acinam
487 3989 554 4030 Vater
573 3987 683 4030 herlelitct
696 3989 764 4043 natu,
783 3988 829 4029 uuo
839 3987 880 4029 -dtc
895 3986 997 4028 Antwort
1013 3986 1052 4026 deo
1064 3986 1181 4038 fraudigen

233 4057 319 4101 vatem.
346 4057 420 4110 Vergl.
436 4057 496 4113 Pta3
513 4057 648 4111 legalem,
665 4057 696 4110 0.,
711 4059 736 4102 R.
753 4069 774 4101 o.
788 4057 812 4098 S.
838 4053 1181 4108 aaa.nnqno‚m.,r.u.1³t1.

234 4125 414 4182 Selmlbfehler3
434 4125 498 4167 karl
508 4128 577 4167 usim
587 4139 611 4178 e,
631 4127 670 4180 M„
684 4127 708 4168 P.
723 4139 745 4168 n.
760 4127 816 4178 Pla,
835 4125 877 4166 der
890 4124 965 4166 Codex
983 4123 1088 4164 schreibt
1104 4126 1125 4164 tn
1143 4124 1182 4166 der

231 4193 302 4248 Rege!
323 4205 416 4238 carus.
440 4193 488 4238 844.
502 4195 626 4238 fructum
647 4196 773 4250 metuendo,
792 4195 817 4239 Ρ.
