3144 4888
776 429 1015 504 -142'-

484 619 548 692 tur
567 613 619 690 ob
629 611 921 706 neglegentiam
947 610 1037 700 mei,
1062 608 1098 682 si
1114 630 1191 703 qua
1213 607 1321 685 forte
1345 607 1409 679 fila

490 728 554 798 vel
588 725 702 798 etiam
744 725 885 798 floccos
918 725 966 797 de
999 723 1227 820 panniculis,
1253 745 1277 793 a
1299 729 1412 793 ueste

485 841 756 936 philosophiae
771 838 957 932 abruptis,
978 837 1151 910 evellere
1169 837 1285 929 quivi,
1298 858 1413 930 prae-

486 955 567 1027 fato
594 953 780 1046 opusculo
807 953 986 1024 inserere
1011 950 1156 1040 curavi,
1182 973 1257 1043 quo
1283 950 1412 1020 vilitas

487 1087 602 1140 meae
635 1067 862 1137 inscientiae
895 1064 1184 1136 intermixtione
1213 1063 1412 1134 nobilioris

485 1179 673 1253 materiae
689 1179 715 1260 8)
741 1179 1013 1269 illustraretur,
1031 1183 1070 1248 et
1088 1176 1248 1270 largitor
1265 1175 1410 1270 ingenii

486 1298 594 1364 tanto
604 1291 884 1384 ampliusinme
891 1289 982 1383 jure
992 1291 1227 1379 laudaretur,
1240 1296 1412 1382 ⁹)quanto

485 1403 683 1476 muliebris
697 1426 839 1476 sensus
853 1404 999 1476 tardior
1011 1403 1291 1475 essecreditur·
1307 1403 1414 1473 llaec

485 1539 574 1590 mea
605 1517 645 1588 in
677 1517 853 1588 dictando
887 1518 1067 1607 intentio,
1102 1518 1200 1588 hacc
1226 1517 1312 1588 sola
1337 1515 1413 1586 mei

486 1629 640 1702 sudoris
665 1634 727 1700 est
748 1652 880 1720 causa,
897 1632 934 1710 ¹⁰)
955 1653 1083 1723 neque
1109 1629 1326 1701 simulando
1352 1652 1414 1700 me

490 1745 640 1816 nescita
674 1742 776 1816 scire
803 1741 922 1835 jacto,
948 1744 1030 1833 sed,
1055 1750 1239 1837 quantum
1267 1744 1414 1834 adme,

487 1863 636 1929 tantum
666 1859 758 1946 scio,
784 1857 885 1949 quod
911 1857 1055 1928 nescio·
1106 1857 1210 1937 Quia
1233 1859 1333 1932 enirn
1362 1862 1415 1926 at·

486 1975 591 2041 tactu
616 1971 739 2041 vestri
763 1970 910 2042 favoris
937 1976 1052 2062 atque
1078 1970 1276 2064 petitionis
1302 1993 1416 2044 arun-

485 2082 600 2153 dineo
614 2107 722 2154 more
736 2083 932 2170 inclinata,
945 2083 1128 2173 libellum,
1149 2085 1185 2164 ¹¹)
1208 2106 1321 2177 quern
1348 2084 1415 2154 toli

489 2195 704 2267 intentione
722 2196 906 2288 disposui,
928 2197 998 2266 sed
1023 2198 1238 2289 usquehuc
1258 2197 1416 2291 pro'sui

488 2309 637 2380 vilitate
664 2310 870 2399 occultare,
897 2331 1009 2402 quam
1036 2310 1074 2380 in
1088 2310 1216 2404 palam
1235 2310 1415 2403 proferre

486 2422 616 2513 malui,
636 2423 748 2494 vobis
773 2422 1095 2516 perscrutandum
1121 2423 1271 2514 tradidi,
1290 2423 1416 2514 decet,

487 2541 529 2608 ut
553 2559 632 2606 nou
650 2537 809 2609 minoris
821 2537 1020 2629 diligentia
1039 2536 1305 2608 sollicitudinis
1325 2557 1414 2605 eum

490 2647 732 2722 emendando
759 2650 1016 2742 investigetis,
1044 2671 1156 2741 quam
1185 2649 1332 2743 proprii
1355 2671 1417 2719 sc-

488 2761 586 2832 riem
613 2762 767 2837 laboris.
817 2763 868 2832 Et
900 2764 954 2834 sic
979 2762 1136 2832 tandem
1166 2763 1216 2832 ad
1239 2783 1416 2834 normam

489 2874 729 2952 rectitudinis
745 2875 996 2951 reformatum
1017 2874 1107 2945 mihi
1118 2875 1314 2967 remittite,
1329 2898 1416 2968 quo,

486 2987 610 3058 vestri
621 2985 660 3064 ¹¹)
675 2988 900 3080 magisterio
910 2993 1263 3080 praemonstrante,
1279 2988 1319 3060 in
1336 2987 1416 3081 qui·

488 3098 564 3169 bus
584 3099 752 3175 maxime
769 3123 1007 3193 peccassem,
1023 3101 1168 3195 possim
1186 3123 1417 3196 agnoscere.

389 3275 596 3298 Μ’·-

434 3377 681 3462 ⁸)matenae,
704 3381 763 3460 lu,
786 3381 819 3444 P.
842 3383 986 3463 oorrigirt
1007 3384 1039 3445 in
1060 3385 1265 3446 materiae,
1309 3382 1335 3464 ⁹)
1353 3383 1419 3443 Der

477 3463 550 3528 cod.
571 3467 625 3528 hat
646 3468 902 3545 laudaretur,
926 3471 1011 3532 nicht
1030 3472 1283 3544 laudaretur,
1306 3489 1330 3530 s.
1352 3468 1418 3547 Mg.

475 3571 504 3634 p.
529 3549 577 3617 12.
598 3553 688 3614 Arm„
710 3555 738 3618 b.
785 3555 823 3636 ¹⁰)
846 3559 1044 3630 causaest,
1068 3554 1099 3618 Ο.
1122 3576 1150 3616 u.
1173 3555 1203 3616 S.
1257 3556 1301 3636 Η)
1321 3555 1418 3614 libe-

476 3637 560 3714 lum‚
582 3637 645 3716 Mn,
663 3640 850 3714 libellum,
872 3640 905 3701 P.
953 3640 990 3720 η)
1012 3643 1169 3714 vestro,
1191 3639 1220 3702 S.

775 3925 1032 3944 W
