3134 4896
775 477 990 544 ...72-

462 657 603 721 Ardebat
624 656 753 718 sormam
774 651 891 732 regalis
912 649 1017 732 stirpis
1039 649 1208 710 emendum.

460 759 605 834 Tandem,
627 757 789 836 Pelagium
811 755 944 829 nimium,
965 753 1132 826 mandevit,
1155 753 1317 812 emendum

377 857 503 924 235.1n
525 861 600 922 solio
622 859 713 938 regni
735 877 839 918 secum
858 857 922 938 jum
943 857 1023 917 forte
1044 855 1149 928 locari,

460 964 549 1043 Ignis
571 965 606 1024 ut
626 961 723 1042 ipsius
744 962 842 1036 fieret,
865 959 921 1021 sibi
943 959 1052 1020 sedulo
1069 958 1203 1038 junctus.

458 1067 634 1145 Fronthue
657 1064 806 1124 submisso
828 1063 980 1124 libaverat
1003 1060 1107 1121 oscula
1130 1077 1201 1120 cero

460 1167 598 1230 Affectus
621 1183 729 1240 causa,
759 1167 966 1246 courplcctens
985 1165 1091 1244 utpote
1115 1161 1200 1223 colla.

504 1268 574 1332 Non
597 1269 713 1350 patitur
735 1269 829 1328 telem
852 1265 965 1328 Christi
986 1285 1058 1327 uum
1078 1266 1166 1326 miles
1189 1282 1323 1326 umorem

373 1369 446 1433 240.
459 1371 559 1450 Regis
580 1371 704 1451 pegeni,
725 1371 803 1432 luxu
825 1370 925 1430 cornis
947 1368 1098 1442 maculet-i,

460 1473 577 1536 Aurem
599 1473 698 1552 regali
719 1473 831 1532 ludens
852 1472 907 1532 sed
930 1470 1133 1544 contulitori,

457 1575 573 1655 Magno
598 1575 726 1636 ridiculo
749 1574 909 1636 divertens
931 1591 985 1635 ors
1005 1575 1139 1662 uegeto„

457 1679 555 1740 Fetus
583 1680 616 1738 et
638 1679 765 1756 egregio
789 1676 910 1738 dicebat
931 1677 1005 1737 talia
1026 1677 1142 1736 rostro:

454 1781 547 1856 „Non
570 1781 660 1842 decet
683 1799 758 1858 ergo
780 1779 881 1840 virum
904 1777 1031 1854 Christi,
1054 1779 1205 1859 baptismo
1220 1777 1357 1851 toletum,

374 1876 447 1945 245.
465 1881 593 1956 „Sobria
615 1881 773 1943 barbarico
796 1883 959 1963 complexu
982 1882 1115 1942 subdere
1137 1881 1224 1954 collo,

460 1983 545 2060 „Sed
565 2003 623 2046 uec
645 1984 859 2059 christicolam,
882 1987 1002 2045 secreto
1025 1984 1167 2044 crismate
1189 1983 1326 2057 tinctum,

463 2086 646 2161 „Deemcuis
669 2087 807 2147 oscillum
829 2087 932 2168 spurci
954 2089 1078 2167 captare
1099 2085 1223 2148 famelli

457 2187 563 2268 „Ergo
587 2189 679 2250 corde
701 2189 784 2250 uiros
807 2189 888 2250 licito
911 2190 1115 2270 complectere
1138 2190 1257 2263 stultos,

456 2291 538 2368 „Qui
560 2294 662 2354 tecum
684 2293 786 2352 fatuos
807 2293 969 2373 placentur
992 2292 1127 2372 caespite
1151 2292 1247 2366 diuos,

372 2391 445 2456 250.
462 2393 612 2474 „Siutque
633 2395 688 2482 tibi
710 2395 793 2470 socii,
816 2396 899 2457 serui
922 2395 973 2475 qui
995 2397 1068 2454 suut
1089 2393 1270 2462 simulacrit‘

511 2497 572 2560 Sed
594 2517 652 2560 rex
672 2501 817 2573 econtra,
839 2497 925 2558 nulle
947 2497 1124 2558 commotior
1145 2496 1201 2571 ire,

460 2599 597 2666 Molliter
620 2601 780 2682 ephebum,
803 2601 917 2674 dicens,
939 2601 1092 2662 mulcebat
1114 2600 1291 2660 amandum:

457 2703 504 2779 „0
527 2703 643 2764 lascire
664 2721 751 2783 puer,
771 2703 881 2784 jactes,
903 2706 934 2764 te
956 2721 1048 2784 posse
1070 2703 1201 2766 licenter

460 2804 635 2886 „Sperncre
659 2810 721 2866 tum
740 2805 845 2866 mitem
866 2806 964 2867 rostri
981 2806 1061 2885 juris
1083 2806 1231 2886 pietatem

374 2903 447 2969 255.
461 2907 699 2986 „Audacterque
720 2908 778 2968 diis
800 2908 891 2968 toties
913 2896 1044 2969 illudere
1064 2909 1185 2970 nostris.

456 3008 541 3084 „Nec
561 2993 666 3070 mouet
687 3010 798 3070 aetatis
819 3027 969 3090 praeseus
992 3012 1157 3094 dompnum
1174 3011 1322 3092 juvenilis

455 3111 524 3187 „Et
546 3111 626 3190 quod
644 3114 818 3174 moerentes
841 3113 962 3182 orbabis
984 3115 1064 3174 sorte
1086 3119 1240 3194 parentes,

453 3213 578 3288 „Nostri
597 3215 802 3294 blasphemos
824 3217 926 3293 urget,
950 3217 1051 3276 cultus
1074 3217 1254 3276 cruciandos

453 3314 615 3390 „subdere
637 3335 710 3376 mox
731 3315 829 3392 morti,
853 3318 936 3379 ferro
955 3320 1144 3399 jugulosque
1166 3319 1269 3393 sorori,

367 3413 438 3478 260.
454 3416 513 3493 „Ni
535 3418 648 3480 cedent
670 3420 702 3480 et
723 3419 933 3500 blasphemam
953 3424 1102 3502 respuent
1123 3422 1284 3491 rationem.

454 3519 608 3596 „Hortutu
629 3542 738 3583 moneo
762 3528 949 3604 quopropter
971 3524 1084 3606 quippe
1105 3527 1245 3605 paterno,

458 3623 604 3698 „Talibus
626 3628 661 3685 ut
679 3625 785 3686 uerbis
806 3645 916 3708 parces
939 3645 1052 3688 saeuae
1074 3627 1201 3688 rationis

453 3725 513 3802 „Et
534 3745 654 3788 mecum
676 3725 818 3790 stabilem
840 3733 1002 3809 conportcs
1024 3730 1135 3790 mentis
1159 3748 1302 3804 amorem,

452 3829 539 3904 „Nec
560 3832 702 3910 temptes,
722 3832 862 3890 nostrum
884 3837 954 3911 poet
966 3832 1043 3891 haec
1055 3831 1210 3892 offendere
1223 3835 1354 3913 jussum,

381 3965 559 3978 -ρ--ιι--α-«ι

393 4031 628 4080 ”hunibertum
644 4028 729 4072 cus.
755 4031 795 4075 256
818 4031 1086 4086 Nceuuoust‚c.u.S.
1104 4036 1151 4078 258.
1167 4034 1397 4088 ethelredo-,lh

453 4112 475 4141 u.
493 4099 516 4142 P.
543 4100 592 4142 259.
610 4097 710 4140 Suhdrrc
730 4110 781 4140 vce
801 4103 885 4142 morti
906 4106 1028 4144 vestros
1041 4103 1179 4159 jugulosque
1202 4103 1279 4158 icturi,
1296 4103 1319 4146 G.
1336 4115 1356 4144 u.
1368 4103 1391 4148 S.

457 4166 557 4212 scudem
571 4180 620 4214 mox
634 4167 760 4224 mortifero,
772 4166 802 4210 M.
815 4181 836 4213 u.
850 4169 874 4212 P.
