3144 4888
731 402 969 478 ..116-

419 579 554 644 Auditus
576 581 688 658 surdis,¹
710 582 826 644 solidus
847 601 1037 663 gressusque
1059 583 1207 664 podagris

421 685 515 746 Teste
538 689 686 766 precante
709 704 797 747 sacro
820 686 952 748 donatur
974 687 1113 748 erebrius
1134 686 1196 760 illo,

423 784 473 862 Et,
496 789 591 850 variis
614 788 702 866 aegri
723 788 836 849 morbis
858 789 910 868 qui
932 789 1081 850 debilitat·

331 885 403 952 250.
423 889 604 952 Adveniunt
625 891 708 966 laeti,
730 891 874 952 membris
895 891 1028 952 redeunt
1049 890 1214 952 renovetis.

418 991 480 1053 Hic
503 1012 625 1073 quoquo
648 1013 709 1054 non
731 1012 802 1055 raro
823 988 951 1055 moestis
970 993 1117 1054 solamina
1140 997 1239 1071 grata,

420 1093 462 1156 Et
483 1115 594 1156 munus
615 1095 726 1156 veniae
746 1096 908 1158 scelerosis
931 1097 1031 1156 fertur
1052 1097 1090 1156 ab
1112 1115 1184 1156 eree

417 1196 485 1272 His,
509 1197 561 1277 qui
583 1217 672 1258 sacra
693 1218 820 1278 precum
841 1199 1031 1279 profundunt
1049 1202 1122 1259 vote
1143 1217 1275 1272 suarum,

420 1296 571 1380 Martyris
593 1301 633 1360 cd
655 1301 804 1362 tumulum
825 1301 982 1382 proprium
1004 1301 1145 1363 deflendo
1167 1305 1295 1364 reatum.

330 1399 403 1463 255.
420 1399 517 1482 Cujus
540 1403 682 1464 continuo
704 1421 759 1463 nos
781 1403 962 1464 intercessio
985 1407 1092 1464 sancta

418 1502 617 1566 Commendet
640 1503 771 1581 Christo,
794 1506 948 1568 scelerum
969 1506 1152 1586 veniamque
1174 1507 1329 1587 precando

417 1607 572 1683 Obtineat,
595 1607 709 1672 nostris
730 1609 831 1689 ipsum
852 1607 902 1688 pie
924 1627 1054 1688 parcere
1077 1609 1174 1689 culpis

418 1709 461 1772 Et
482 1713 603 1792 partem
623 1710 711 1772 nobis
733 1710 817 1772 vitae
839 1716 999 1791 praestare
1021 1711 1175 1792 perennis,

415 1812 484 1884 Quo
506 1832 679 1874 mercamur
702 1833 772 1874 eum
792 1814 867 1874 laeti
888 1813 1015 1874 laudere
1038 1833 1094 1894 per
1112 1801 1233 1888 aevum,

327 1911 401 1976 260.
421 1914 483 1986 Qui
503 1917 574 1996 post
596 1917 674 1976 dura
696 1915 760 1977 suis
783 1935 904 1996 semper
928 1917 1095 1976 certamina
1117 1917 1230 1977 sanctis

419 2016 611 2098 Martyribus
634 2018 764 2098 duplicis
784 2018 924 2078 bravium
945 2019 1115 2098 praestabit
1135 2018 1268 2092 honoris,

411 2117 463 2194 Ut,
486 2119 558 2180 dum
581 2121 777 2199 congaudent
799 2121 917 2180 animae
940 2141 1034 2201 super
1056 2122 1184 2182 aethera
1206 2125 1342 2196 sanotae,

416 2221 486 2283 Non
506 2223 607 2283 minus
629 2223 660 2283 in
682 2223 798 2283 tumulo
820 2222 976 2284 laetentur
997 2227 1118 2285 mortua
1139 2226 1284 2297 membro,

418 2324 584 2404 Signorum
606 2326 702 2388 titulis
725 2327 833 2386 crebro
857 2326 1027 2405 glorificate
1051 2327 1194 2387 coruscis.

326 2425 399 2489 265.
415 2427 481 2509 Ipsi
504 2447 620 2489 summa
642 2429 737 2501 salus,
760 2448 873 2509 perpes
894 2429 1032 2505 victoria,
1053 2431 1162 2504 virtus,

410 2529 504 2606 Laus,
512 2532 618 2608 honor,
625 2532 795 2613 imperium,
809 2551 932 2614 semper
947 2533 1041 2594 decus
1054 2552 1142 2594 omne
1158 2551 1214 2612 per
1229 2534 1353 2592 aevum!

333 2685 514 2696 -.—-—.

348 2765 396 2810 26⁴.
410 2766 606 2821 glorificus,
621 2767 652 2812 Μ.
668 2781 688 2812 ι.
706 2767 731 2812 Ρ.
