3080 4892
550 535 595 546 -
638 477 788 561 eas-⁵

236 673 293 735 Cui
314 674 388 735 licet
410 689 429 734 a
452 671 573 736 Christo
598 669 736 752 requiem
757 669 824 730 sine
845 669 907 730 fine
928 687 1098 752 perennem

234 777 363 838 Necnon
384 776 533 837 laetitiam
553 774 645 856 justis
666 775 751 834 retro
774 775 950 854 reparatam

148 878 221 942 480.
237 879 398 941 Praestari
419 879 508 940 citius
528 879 592 959 jam
614 896 675 937 non
698 875 886 938 dubitaverit
907 878 1000 952 ullus,

237 983 299 1053 Qui
321 983 465 1043 meritum
486 981 569 1042 vitae
593 979 684 1040 scivit
705 978 859 1040 laudabile
883 982 987 1040 castae

234 1085 340 1166 Ipsius
363 1103 402 1170 ac
420 1085 525 1146 mitem
547 1083 646 1164 gessit
668 1099 760 1162 quam
783 1081 917 1162 denique
938 1086 1089 1161 mentem;

235 1188 382 1249 Attamen
404 1188 556 1249 humanae
577 1205 634 1267 pro
658 1185 880 1246 consuetudine
902 1201 1014 1246 caueae

48 1363 52 1371 Ι
234 1291 304 1352 Non
327 1292 446 1363 mirum,
468 1289 600 1371 populus
621 1289 780 1369 planctum
802 1287 828 1348 si
850 1289 980 1370 sumpsit
1001 1305 1150 1365 amarum,

148 1391 220 1456 485.
235 1395 315 1456 Dum
338 1394 395 1455 sibi
416 1396 480 1454 tam
501 1392 601 1454 subito
623 1393 728 1453 suerat
749 1409 822 1471 spes
844 1394 931 1452 tanta
953 1395 1099 1458 retracta.

234 1497 276 1558 Et
297 1496 394 1556 iacies
416 1495 546 1556 domnae
567 1495 693 1555 nimium
715 1493 831 1572 regalis
855 1495 1006 1557 amandae

232 1599 362 1661 Necnon
384 1599 515 1680 subjecti
536 1598 739 1679 praefulgens
761 1596 861 1675 gloria
882 1599 975 1678 regni

233 1701 402 1764 Mandatur
423 1705 537 1776 terrae,
560 1701 677 1780 gremio
700 1701 856 1760 servanda
876 1703 934 1762 sub
957 1703 1069 1784 amplo,

236 1805 343 1866 Donec
365 1808 519 1884 assurgat,
542 1823 604 1865 non
626 1805 866 1884 corruptumque
887 1810 1036 1882 resumat,
1097 1849 1100 1857 ·

147 1905 219 1970 490.
235 1908 328 1978 Quod
348 1927 431 1970 nuno
452 1907 583 1968 includit
604 1906 749 1982 tumulus,
771 1907 951 1987 praenobile
975 1926 1095 1991 corpus.

236 2011 324 2073 Haec
345 2012 442 2090 igitur
463 2029 595 2092 puerum
617 2027 711 2090 supra
732 2009 840 2091 paucis
860 2016 1062 2075 memoratum

232 2114 357 2177 Acriter
380 2115 520 2176 orbatum
549 2113 723 2174 dimittebat
744 2113 932 2191 Liudulfum

186 2195 196 2211 ⁹
234 2217 374 2278 Feminei
397 2217 519 2277 dulcem
541 2236 637 2277 sexus
658 2234 752 2276 unam
774 2237 897 2298 quoque
918 2219 1047 2300 prolem,

232 2319 363 2381 Nomine
386 2319 604 2398 bindgardam,
627 2337 745 2380 summa
766 2321 904 2383 bonitate
927 2341 1097 2401 coruscam,

147 2418 219 2483 495.
234 2421 372 2484 Moribus
394 2427 426 2485 et
447 2423 527 2483 facie
550 2423 679 2484 similem
701 2423 791 2483 matri
812 2426 1020 2486 venerandae.

234 2525 272 2585 In
295 2545 372 2606 quas
393 2529 537 2608 percerte
556 2525 678 2587 soboles
700 2541 774 2588 mox
795 2528 900 2608 stirpis
921 2522 1073 2592 *amandae

235 2627 358 2690 Affectu
380 2623 482 2690 cordis
503 2629 636 2711 populus
659 2629 822 2691 deducitur
844 2633 941 2692 omnis

234 2729 359 2811 Magno,
382 2749 438 2813 pro
460 2733 579 2794 meritis
601 2732 728 2793 summis
751 2729 913 2814 utriusque
935 2735 1086 2816 parentis:

237 2831 299 2894 sed
318 2835 417 2914 magis
440 2853 477 2896 ac
495 2835 580 2915 juste
603 2833 685 2895 dulci
709 2836 852 2898 fervebat
873 2853 977 2898 amore

112 2945 114 2947 ’
150 2931 222 2996 500.
238 2934 325 3016 Erga
347 2937 486 3016 regalem
508 2955 639 3019 puerum
652 2939 815 3002 dominum
835 2940 1024 3017 liudulfum,

237 3038 344 3120 lpsum
366 3057 422 3120 spe
441 3041 554 3101 mentis
575 3044 641 3104 tota
663 3043 843 3125 complexus
865 3045 1005 3106 amantis.

237 3141 370 3222 Ilioque,
395 3143 453 3204 sibi
474 3146 633 3206 naturales
654 3145 777 3207 imitans
799 3149 879 3209 bene
899 3167 1011 3223 mores,

237 3245 396 3308 Extiterat
418 3248 536 3309 cunctis
558 3249 690 3310 blandus
712 3249 875 3310 dulcedine
898 3251 1020 3325 mentis,

237 3347 430 3425 Mansuetus,
454 3351 597 3425 clemens,
620 3353 751 3426 humilis,
773 3351 960 3432 nimiumque
982 3353 1091 3414 fidelis.

152 3448 224 3513 505.
237 3451 320 3514 Hinc
342 3470 464 3535 quoque
487 3456 664 3534 gratiolam,
688 3453 810 3516 Christo
832 3457 1011 3536 praestante
1041 3455 1186 3534 benigno,

157 3632 165 3646 ,
240 3554 371 3616 Tantam
392 3557 569 3638 promeruit,
593 3559 733 3619 meritam
755 3559 910 3639 digneque
927 3559 1052 3639 'recepit
1084 3567 1088 3575 “

240 3655 393 3720 Gentibus
415 3661 447 3720 in
470 3662 598 3736 cunctis,
612 3662 709 3743 patris
730 3661 858 3743 imperio
881 3660 1031 3741 religatis,

243 3760 296 3838 Ut,
320 3763 504 3843 quicumque
527 3782 602 3826 suae
624 3763 725 3826 saltim
746 3766 956 3846 praepaucula
977 3766 1077 3829 famae

177 3927 226 3971 484,
243 3929 300 3970 sibl
314 3931 416 3984 sumpsit,
431 3929 496 3984 c.‚n.
509 3943 532 3975 u.
542 3931 565 3976 S.
593 3932 640 3978 48⁵.
656 3933 790 3985 arranem,
806 3932 838 3986 0.,
850 3932 875 3976 R.
890 3947 913 3977 u.
932 3931 956 3976 S.
984 3934 1030 3976 186.
1045 3932 1186 3986 dominae,

237 3999 388 4050 c.,b.n.8.
415 3999 659 4053 bbbmanduntur,
676 4000 700 4046 R.
730 4000 977 4054 ibbblngardam,
997 4001 1024 4044 a.
1047 4015 1070 4045 u.
1089 3999 1112 4045 S.
1140 4002 1187 4048 497.

237 4067 353 4120 populi,
367 4069 463 4113 Μ.ιι.-Ρ.
486 4071 534 4112 tob.
549 4070 644 4113 naeus
659 4071 747 4111 Christo
762 4074 889 4124 praestante
903 4072 1002 4124 benigne
1013 4071 1188 4118 tnParuntlresc.

220 4138 283 4180 ¹507.
299 4137 410 4178 (lentibus
423 4139 465 4189 ut,
480 4138 504 4182 C.
518 4151 540 4182 u.
556 4139 581 4180 a.
608 4139 655 4181 boe.
670 4140 863 4194 perpaucula,
878 4139 958 4194 c.‚1r.‚
974 4138 1085 4184 stura.
1097 4132 1108 4196 ;’
1118 4141 1188 4194 vergi.

237 4204 262 4245 V.
277 4205 552 4264 ara;pnepaueule,
577 4203 683 4254 mam.
912 4261 982 4325 21*
1034 4227 1054 4242 ν
1084 4211 1094 4236 ’·
