3138 4888
540 537 779 610 -171-

143 717 278 780 hannem
300 719 331 780 et
352 717 482 780 Paulum
502 717 568 780 Deo
591 713 663 782 Jovi
685 717 869 795 sacrificare,
899 719 926 780 si
956 721 1060 782 autem
1082 717 1173 782 obsti-

143 824 214 884 nato
239 821 410 884 restiterint
432 824 567 903 pectore,
589 822 789 904 perimantur,
814 839 876 884 non
905 809 1023 906 palam,
1052 823 1108 885 sed
1129 813 1174 888 tri-

143 925 237 988 mium
259 926 387 1000 occulte,
411 925 481 1005 quia
503 917 631 1007 palatini
652 919 749 986 fuere.

520 1126 820 1193 Terentianus*

143 1233 317 1316 Imperator
339 1234 490 1310 Julianus,
519 1232 571 1295 cui
592 1235 703 1310 servio,
731 1236 814 1297 misit
843 1235 939 1311 vobis,
963 1235 1121 1299 Johannes
1143 1239 1176 1298 et

143 1335 249 1411 Paule,
271 1353 327 1418 pro
348 1335 396 1398 sui
418 1335 581 1399 clementia
604 1356 731 1399 aureum
754 1339 972 1400 simulachrum
995 1336 1091 1415 Jovis,
1126 1339 1176 1401 cni

145 1441 215 1500 tura
232 1437 272 1520 ¹¹⁴)
295 1440 392 1519 gratis
415 1439 572 1522 imponere
596 1437 727 1520 debetis3
751 1443 832 1523 quod
854 1438 881 1504 si
902 1443 1071 1520 nolueritis,
1095 1444 1176 1526 capi·

147 1542 240 1603 talem
262 1542 448 1604 sententiam
468 1541 616 1605 subibitis.

555 1645 773 1710 Johannes

148 1748 182 1810 Si
205 1748 348 1810 Julianus
377 1750 417 1812 sit
444 1753 516 1813 tuus
537 1732 698 1827 dominns,
728 1751 840 1813 habeto
871 1771 979 1833 pacem
1011 1772 1079 1814 cum
1113 1752 1175 1829 illc,
1275 1810 1284 1825 ,

146 1853 236 1912 utere
248 1847 290 1933 ⁷⁵)
313 1854 380 1934 ejus
392 1853 508 1934 gratia3
530 1853 617 1916 nobis
637 1858 760 1916 nonest
781 1843 868 1930 alius,
884 1854 943 1914 nisi
955 1847 1103 1916 Dominus
1116 1853 1176 1937 π’)

147 1954 167 2016 J
171 1975 242 2016 esus
267 1953 423 2032 Christus,
451 1977 507 2038 pro
531 1960 617 2040 cujus
638 1976 741 2019 amore
765 1957 975 2018 desideramus
1002 1958 1094 2035 mori,
1118 1967 1177 2040 qud

145 2077 319 2120 mereamur
341 2060 475 2120 aeternis
498 2061 619 2141 gaudiis
639 2060 765 2142 perfrui.

520 2164 803 2225 Terentianus.
903 2233 905 2240 Α

145 2263 227 2334 Quid
249 2265 387 2341 tardatis,
406 2266 543 2328 milites?
568 2266 718 2347 Stringite
742 2269 859 2328 ferrum
882 2270 914 2329 et
935 2268 1099 2329 interficite
1122 2269 1177 2330 im·

144 2369 298 2449 peratoris
321 2369 509 2449 deorumque
531 2371 682 2448 rebelles3
715 2370 895 2431 interfectos
926 2372 1005 2431 clam
1034 2369 1066 2432 in
1089 2372 1177 2433 domo

144 2471 273 2551 sepelite
295 2471 475 2552 nullumque
498 2471 657 2552 sanguinis
679 2473 848 2552 vestigium
869 2472 1053 2553 relinquite!

576 2585 744 2653 Milites.

143 2675 185 2738 Et
209 2676 282 2756 quid
305 2676 450 2753 dicemus,
472 2678 598 2757 rogati?

519 2781 805 2844 Terentianus.

145 2881 304 2956 Simulata,
328 2883 416 2963 quasi
438 2884 531 2945 exilio
555 2885 616 2946 sint
637 2885 792 2946 destinati.

447 2987 654 3049 Johannes
676 2991 708 3050 et
729 2989 882 3050 Paulus

145 3088 209 3162 Te,
240 3086 376 3165 Christe,
409 3109 481 3152 cum
507 3091 602 3152 Patre
633 3094 664 3153 et
694 3091 808 3156 Sancto
839 3091 955 3173 Spiritu
987 3092 1180 3171 regnantem,

146 3212 242 3253 unum
263 3192 371 3269 Deum,
401 3195 457 3253 sub
487 3193 546 3254 hoc
574 3195 711 3274 periculo
743 3195 930 3270 invocamus,
960 3197 992 3256 te
1018 3193 1181 3255 moriendo

146 3297 315 3372 laudamus,
337 3300 373 3358 tu
395 3297 517 3379 suscipe
539 3297 667 3372 animas,
689 3318 745 3378 pro
767 3301 799 3360 te
822 3299 860 3360 de
883 3299 968 3360 lutea
992 3297 1180 3359 habitatione

147 3398 327 3462 eliminatas.

584 3488 737 3496 -————-

521 3561 804 3634 Terentianus.

146 3673 195 3738 Eh
218 3671 289 3750 heu,
313 3694 330 3736 o
354 3674 556 3747 christicolae,
581 3675 653 3756 quid
674 3674 792 3757 patitur
814 3672 923 3736 unicus
945 3672 1026 3735 filins
1050 3675 1160 3734 meus?

522 3775 807 3840 Christicolae.

147 3883 265 3946 Stridet
288 3884 441 3959 dentibus,
467 3887 558 3964 sputa
576 3883 660 3962 jacit,
682 3883 807 3963 torquet
829 3879 937 3942 insana
958 3879 1088 3956 lumina3
1110 3897 1181 3940 nam

146 3987 257 4066 plenus
280 3990 329 4048 est
351 3987 518 4048 daemonio.
536 3985 576 4070 ⁷⁶)

145 4125 351 4134 --..-.—-·—-

173 4185 213 4241 tt]
230 4186 329 4239 thura,
351 4185 382 4240 0.,
405 4185 428 4228 S.
448 4199 469 4228 u.
485 4179 530 4240 hig.
565 4188 602 4241 75]
618 4189 640 4226 et
659 4185 734 4238 utere,
755 4183 786 4238 C,
800 4183 823 4226 S.
838 4197 860 4228 u.
877 4184 922 4244 ΜΒ.
949 4183 1006 4236 7511]
1021 4183 1124 4230 donrlnns
1139 4193 1181 4231 no·

223 4260 286 4300 ster
306 4255 330 4302 c.
347 4269 368 4302 u.
385 4255 410 4301 S.
437 4258 472 4312 76)
489 4257 660 4310 daemoniis,
675 4256 708 4308 P,
723 4254 747 4302 C.
763 4267 786 4299 u.
801 4253 823 4300 S.
