3144 4888
583 465 820 538 -111-

275 653 439 729 „Percutc‚
461 649 488 710 si
508 647 617 730 possis,
640 647 747 708 contra
768 665 817 707 me
840 643 940 728 Carpe
961 647 1096 724 rebellis,

283 756 365 832 „Qui
387 753 473 835 cupis
495 752 652 814 interitum
672 751 812 811 sitienter
834 751 944 811 edesse
966 771 1102 831 reorum3

279 857 355 934 „En
379 876 438 936 ego
463 874 532 916 sum
553 853 631 914 coeli
652 857 755 914 rector
776 854 943 932 mortisque
965 858 1152 936 peremptor,

213 959 263 1022 90.
281 960 443 1036 „Humana
464 977 572 1018 rursus
594 976 651 1038 pro
674 960 767 1034 gente
790 956 854 1036 pati
875 956 925 1036 pie
946 961 1114 1038 promptus,

276 1063 334 1141 „si
355 1082 418 1123 non
440 1060 555 1121 salvari
576 1063 705 1140 possunt
727 1059 817 1118 aliter
838 1059 992 1135 scelerosi,

280 1165 362 1242 „Qui
382 1167 453 1246 post
475 1163 668 1224 commissum
689 1161 811 1222 discunt
832 1160 947 1221 deflere
969 1165 1097 1224 reatum.

277 1268 362 1344 „Nec
384 1267 456 1327 lere
479 1267 566 1338 duco,
588 1283 676 1324 meae
699 1265 829 1325 dextrae
849 1265 912 1344 jam
934 1265 1052 1345 plasma
1073 1268 1185 1348 perire,

278 1370 388 1446 „Quod
411 1369 572 1450 pulchrum
594 1367 663 1441 ieci,
687 1367 768 1447 quod
791 1370 969 1447 corruptum
990 1372 1141 1450 reparavi.

216 1471 265 1535 95.
281 1474 391 1552 „Elige
414 1481 496 1532 nuno
518 1471 638 1530 dulcem
660 1471 712 1529 vel
735 1469 880 1530 sectando
902 1471 1056 1551 pietatem,

281 1577 338 1652 „ln
361 1576 446 1636 coelo
468 1593 589 1633 mecum
611 1591 733 1652 semper
754 1591 888 1651 regnare
909 1594 966 1654 per
988 1594 1108 1652 aevum,

282 1679 361 1754 „Vel
385 1697 442 1758 per
464 1676 624 1738 saevitiam
646 1676 731 1734 dirae
753 1675 865 1735 mentis
885 1678 965 1737 male
988 1679 1096 1740 duram

280 1781 456 1862 „supplicio
477 1779 596 1840 baratri
618 1779 697 1838 tradi
719 1778 785 1837 sine
807 1777 867 1838 fine
887 1781 1059 1858 prolbndi.“

279 1884 336 1944 llis
360 1883 485 1943 nimium
503 1884 605 1962 justus
626 1881 748 1942 monitis
769 1881 818 1941 uir
840 1885 1079 1962 mansuefactus,

197 1985 265 2049 100.
276 1987 464 2066 Exemplum
487 1985 604 2045 cunctis
625 1985 790 2044 imitandae
813 1983 847 2045 fit
869 1985 1001 2067 pietatis.

280 2090 354 2150 Post
375 2091 461 2162 haec,
484 2106 670 2148 summorum
692 2089 772 2147 lema
795 2088 896 2147 clarus
918 2091 1104 2169 meritorum,

281 2191 412 2254 Praesul
435 2191 585 2271 disposuit
607 2191 735 2250 Romam
757 2191 883 2271 petiisse
905 2196 1077 2273 superbam,

283 2295 410 2376 Opiane,
434 2313 503 2354 cum
514 2293 619 2365 Petro,
642 2292 748 2367 Paulo,
771 2293 949 2374 pariterque
971 2299 1118 2375 magistro

285 2398 414 2458 Nomine
436 2417 492 2478 pro
515 2395 628 2456 Christi
649 2415 683 2455 se
704 2416 777 2456 mox
799 2397 977 2477 impendere
1000 2401 1097 2461 morti.

200 2497 268 2561 105.
284 2501 421 2560 Palmam
442 2498 583 2580 martyrii
604 2499 659 2558 sed
682 2502 880 2579 sumpserunt
901 2501 987 2581 prius
1008 2503 1060 2578 illi,

285 2603 386 2673 Quam
406 2607 512 2684 portas
534 2602 651 2662 Romae
672 2602 802 2662 veniens
824 2603 997 2665 intraverat
1017 2605 1092 2686 ipse,

282 2707 518 2788 Discipulusque
539 2705 633 2780 Petri,
657 2703 798 2766 Clemens
819 2707 1015 2782 uenerabilis,
1038 2708 1114 2769 orbi¹

285 2811 374 2872 Sedis
397 2811 583 2891 apostolicae
606 2809 727 2869 culmen
749 2809 832 2871 rexit
854 2809 928 2869 satis
950 2812 1029 2890 apte.

285 2914 348 2983 Qui
368 2932 440 2974 nam
461 2913 638 2994 pontificem
658 2913 708 2994 pie
731 2913 867 2993 suscepit
887 2913 1073 2990 venientem,

203 3012 272 3077 110.
287 3016 381 3076 Illum
403 3017 555 3094 condigne
578 3033 756 3094 summoque
779 3016 900 3076 colebat
921 3034 1032 3077 amore.

285 3120 425 3199 Denique
448 3122 518 3199 post
540 3119 672 3199 spatium
694 3119 816 3178 decursi
837 3120 983 3200 temporis
1006 3121 1148 3202 amplum,

286 3222 355 3293 Quo
377 3223 462 3282 servi
483 3221 604 3282 Domini
626 3225 874 3283 commanserunt
893 3224 1074 3302 venerandi,

288 3326 364 3387 Cum
382 3327 447 3406 jam
469 3325 612 3386 coelestis
633 3325 732 3407 pietas
753 3326 912 3386 mitissima
933 3328 1018 3407 regis

288 3430 445 3490 Aeternae
467 3429 554 3489 radio
575 3428 653 3489 lucis
676 3428 826 3489 voluisset
848 3430 946 3510 opimo

203 3529 272 3593 115.
293 3532 443 3593 Errorum
465 3533 610 3592 tenebras
632 3533 774 3592 ueterum
794 3531 966 3593 discindere
988 3534 1103 3614 nigras,

292 3628 370 3704 Quis
391 3643 466 3697 tunc
488 3635 633 3696 occiduae
655 3639 760 3715 partes
783 3635 908 3699 fuerant
928 3637 1008 3697 male
1031 3639 1158 3716 cinctae,

268 3815 271 3820 Ι
292 3738 386 3819 Papa,
409 3740 493 3819 prior
514 3739 647 3799 monitus
670 3738 773 3799 divino
794 3738 925 3815 flamine,
948 3743 1073 3804 sanctus

290 3841 431 3904 Pontifici
452 3843 556 3904 uerbis
578 3843 673 3922 digno
695 3843 844 3906 suadebat
866 3843 980 3923 amicis,

230 4131 436 4186 106.lntrnnlt‚
456 4129 498 4187 M.;
517 4129 542 4176 P.
563 4131 727 4173 rerbasserlin
746 4132 926 4176 intraverat.
963 4135 1008 4180 108,
1021 4139 1104 4192 apte,
1127 4137 1157 4182 Μ,
1184 4133 1228 4181 114.

293 4203 350 4244 luel·
363 4203 438 4258 radio,
454 4201 478 4244 c.
494 4214 516 4246 u.
533 4199 556 4247 S.
622 4266 625 4273 Ι
890 4239 892 4244 .
1081 4214 1088 4252 t
