3134 4896
596 461 812 532 ...ga-

280 640 348 712 Quo
370 642 524 723 quondam
545 641 647 704 stabili
667 641 755 702 fulsit
774 637 992 704 celeberrimus
1014 635 1090 715 orbi,

281 745 374 820 lateo,
398 745 566 808 sollicitans
588 765 693 807 omnes
716 745 885 806 clementer
907 746 1046 825 egentes,

193 845 263 910 155.
279 848 429 930 Moraque
451 849 555 912 divino
576 850 676 930 pietas
698 849 807 936 eadem
828 848 1008 908 venerando

277 951 420 1014 Conoutit
440 955 596 1014 errantem
616 951 710 1030 digna
732 947 894 1012 formidine
915 953 1057 1010 mentam.

319 1055 386 1116 Neo
407 1074 501 1130 mora,
524 1059 715 1136 oonpunotue
737 1072 854 1114 summo
874 1073 1024 1128 moerore,
1045 1051 1182 1114 misellus

276 1159 452 1239 Praeponit,
475 1159 618 1240 pavitans
641 1157 738 1219 oeulis
759 1157 939 1239 saepissime
961 1157 1071 1231 cordio,

276 1261 400 1331 Quanta
421 1262 564 1340 negando
587 1263 686 1324 Deum
707 1260 819 1322 meruit
839 1261 992 1322 tormenta
1019 1279 1077 1342 per
1104 1279 1216 1323 aevum

190 1361 261 1425 160.
274 1364 315 1426 Et
337 1366 446 1445 quibus
468 1365 498 1424 in
521 1365 628 1445 poenis
647 1365 738 1444 jungi
760 1365 893 1425 debebat
914 1363 1042 1426 Averni.

273 1466 362 1527 Haeo
384 1487 504 1546 quoqne
527 1468 686 1529 tractando
709 1487 815 1528 seeum
836 1485 976 1528 moerore
998 1481 1150 1548 supremo,

273 1569 360 1630 Talia
383 1549 533 1630 continuis
555 1571 655 1632 fertur
677 1570 793 1630 dixisse
814 1569 973 1632 lamentis:

273 1671 364 1746 „Heu
384 1673 523 1734 mihimet
541 1674 662 1748 misero,
685 1674 805 1734 eunctis
825 1672 945 1754 probris
967 1671 1089 1734 vitiato!

270 1775 358 1849 „Vae
379 1776 453 1836 mihi
476 1777 668 1857 dampnando
690 1776 806 1858 proprii
828 1793 883 1856 pro
905 1775 1030 1836 erimine
1052 1773 1126 1850 voti,

187 1874 257 1940 165.
272 1879 354 1953 „Qui
375 1880 473 1960 patris
496 1881 605 1942 nummi
626 1883 745 1962 prolem
766 1899 823 1961 per
844 1879 961 1960 scripta
981 1878 1098 1959 negavi

269 1982 481 2062 „Divinaeque
504 1983 593 2045 simul
616 1985 738 2045 dulcem
759 1983 854 2064 prolis
876 1982 1071 2064 genitricem!

269 2084 386 2161 „Ehem
410 2105 501 2166 quam
522 2087 625 2148 saevio
648 2087 755 2148 tradar
775 2105 834 2168 per
855 2087 980 2148 eaeoula
1000 2086 1119 2168 poenit„

269 2187 330 2263 „Et
352 2209 443 2268 quam
464 2190 615 2251 continuis
638 2191 765 2252 olaudar
786 2191 854 2251 eine
874 2191 935 2251 fine
956 2191 1102 2265 tenebris,

268 2291 350 2366 „Qui
371 2293 463 2354 miser
485 2295 568 2374 elegi
589 2295 679 2355 subdi
700 2295 828 2386 satanae
851 2292 958 2355 ditioni

185 2391 254 2455 170.
269 2396 392 2476 „Atque
414 2398 611 2458 tenebricolis
634 2398 719 2459 erebi
740 2399 901 2460 sublimine
918 2398 1028 2479 jungi,¹

268 2497 464 2575 „Mandanae
486 2519 615 2582 pompae
637 2519 718 2564 vano
741 2501 886 2562 seductus
910 2505 1031 2566 amore!

269 2603 373 2677 „Quid
396 2605 544 2667 ducturus
566 2606 648 2686 (ero)
671 2605 796 2665 nimium
814 2607 958 2688 peooator
980 2605 1012 2667 in
1033 2605 1086 2669 ilio

275 2707 444 2788 „Tempore
464 2708 580 2789 judicii,
603 2709 719 2768 eunetis
741 2707 817 2790 ipsis
839 2709 1006 2785 metuendi,

267 2809 418 2884 „Quando
441 2812 591 2873 fautorum
613 2814 789 2875 mercedem
811 2813 941 2894 quisque
963 2832 1088 2874 enorum

183 2908 252 2973 175.
264 2913 425 2994 „Accipiet
447 2916 580 2994 dignam,
604 2917 679 2978 eatis
701 2935 800 2997 aequa
822 2919 911 2978 lanoe
932 2917 1092 2993 libratam,

268 3014 347 3091 „Pro
370 3018 563 3079 diversorum
585 3020 734 3100 qualitate
757 3021 880 3101 quidem
900 3022 1103 3084 meritorum?

267 3119 348 3195 „Vel
370 3121 438 3200 quis
460 3123 540 3183 forta
562 3123 623 3184 moi
645 3127 718 3184 tuno
741 3128 876 3206 apponet
896 3125 1045 3200 misereri,

265 3220 361 3297 „Cum
383 3224 438 3284 vix
459 3245 515 3306 pro
537 3225 655 3287 meritis
674 3229 777 3308 justus
800 3229 940 3290 salvatur
963 3227 1095 3311 opimio?

265 3325 364 3399 „Nam
384 3323 499 3388 Christi
521 3329 658 3408 genitrix
681 3331 819 3410 coelique
841 3335 952 3414 potone
975 3333 1169 3409 dominatrix,

181 3424 250 3489 180.
266 3428 432 3503 „Flaminis
455 3433 547 3510 atque
570 3433 650 3493 sacri
672 3434 820 3514 templum
843 3434 910 3493 eine
929 3436 1021 3497 sorde
1037 3456 1209 3516 oorueoum,

265 3531 370 3606 „Haeo
394 3535 501 3594 eadem
522 3535 621 3614 virgo,
644 3538 752 3616 partus
774 3537 845 3617 post
867 3537 984 3614 gaudia
1006 3542 1100 3613 easta,

263 3635 372 3710 „Quae
395 3640 479 3698 retro
502 3640 660 3700 conversis
683 3641 787 3701 iuerat
807 3639 967 3700 mitissima
991 3641 1111 3702 eunetis

264 3738 387 3819 „Atque
410 3741 458 3801 sui
483 3741 604 3802 duioem
623 3763 788 3824 numquam
809 3743 913 3804 tardat
935 3743 1093 3826 pietatem,

264 3840 357 3917 „Sola
378 3844 451 3903 mihi
472 3845 583 3907 veniae
600 3847 686 3929 potis
709 3851 757 3910 ent
777 3845 980 3909 medicamina
1000 3847 1093 3924 ferre,

183 3996 366 4005 ....-.—..———

206 4058 251 4102 154.
265 4059 365 4111 Jutnaee,
383 4060 407 4104 C.
423 4073 445 4104 o.
461 4059 484 4104 S.
525 4063 650 4105 158.⁸tne
671 4066 825 4121 tenebris,
844 4067 875 4108 Μ.
895 4080 916 4112 o.
938 4067 963 4109 Ρ.
995 4068 1039 4112 112.
1059 4069 1207 4112 ductura·

270 4130 400 4181 nimium,
421 4129 462 4182 Μ.;
479 4131 621 4174 ducturo„
636 4146 697 4186 ero,
716 4131 750 4190 P.';
766 4136 919 4192 diuturnum,
936 4136 1019 4182 e.u.S.
1051 4139 1093 4186 11³.
1109 4139 1204 4184 nonen

269 4197 413 4256 spirituo,
432 4199 454 4240 C.
471 4211 492 4243 u.
510 4197 532 4240 S.
564 4201 606 4244 176.
622 4201 832 4257 divertentem,
849 4205 872 4249 0.
