3134 4896
501 1365 680 1483 Postquam
700 1403 757 1464 lux
778 1403 859 1478 fidei,
883 1423 1026 1466 crescens
1047 1422 1104 1485 per
1127 1402 1248 1463 elimata
1270 1400 1383 1476 mundi,
1555 1401 1563 1504 l

456 1507 590 1570 Siciliam
610 1506 747 1568 tenebris
770 1526 909 1568 errorum
931 1508 1023 1568 solvit
1045 1508 1082 1566 ab
1106 1506 1190 1579 atris,
1263 1584 1266 1590 Ι

454 1611 511 1672 Vir
534 1611 608 1674 satie
629 1610 758 1674 illustris
780 1610 915 1672 nutritur
936 1609 1075 1691 partibus
1098 1607 1167 1682 illis,

392 1763 394 1775 .
453 1713 619 1775 Nobilitate
641 1717 760 1796 potens,
782 1711 1068 1792 meritisplendore
1092 1711 1269 1789 refulgens3

411 1811 440 1876 5.
454 1814 551 1877 Hisce
574 1817 762 1897 Theophilus
784 1817 887 1875 fuerat
909 1813 947 1874 de
970 1813 1091 1874 nomine
1114 1812 1222 1886 dietus,

454 1916 528 1977 Puri
550 1919 671 1978 saerata
694 1919 807 1979 tinctus
831 1915 1021 1997 baptismatis
1043 1916 1134 1976 unda.

455 2018 557 2088 Quem
578 2020 695 2080 devota
716 2023 839 2101 patrum
861 2019 973 2080 divinis
995 2037 1069 2080 eura
1090 2037 1214 2078 suorum

454 2121 617 2200 Obsequiis
640 2122 735 2199 igitur
756 2121 861 2204 primis
885 2122 1022 2200 signavit
1042 2123 1080 2181 ab
1104 2121 1191 2181 annis

450 2223 562 2304 Atque,
587 2223 634 2284 sui
656 2224 778 2285 dulcem
799 2224 849 2305 pie
872 2223 1064 2285 sollicitando
1087 2225 1239 2303 nepotem,

388 2323 435 2386 10.
451 2324 578 2387 Cuidam
599 2326 735 2407 pontifici
757 2327 887 2388 eredidit
907 2327 1032 2388 nimium
1054 2326 1195 2406 sapienti,

452 2427 520 2498 Quo
543 2429 676 2489 nutriret
698 2449 768 2490 eum
789 2415 889 2491 studio
911 2415 1041 2490 florente
1064 2425 1257 2502 docendum,'

455 2529 557 2611 Ipsius
579 2531 736 2611 ingenium
759 2533 930 2612 mentisque
953 2533 1072 2612 rigaret
1094 2531 1229 2610 agellum

450 2633 497 2694 De
521 2632 653 2715 Sophiae
675 2635 759 2708 rivis,
783 2637 911 2714 septeno
935 2636 1019 2696 fonte
1042 2633 1202 2694 manantis.

496 2733 632 2816 Cumque
655 2737 704 2816 pio
727 2738 801 2797 satis
825 2737 968 2798 exhausti
990 2756 1086 2818 puero
1109 2735 1212 2796 forent
1233 2734 1299 2816 ipsi,

387 2834 434 2897 15.
448 2837 549 2915 Digne
573 2838 733 2899 confestim
754 2843 934 2920 provectus„
942 2841 1067 2913 honore,
1089 2838 1242 2918 gradatim

449 2939 656 3001 Perveniebat
677 2941 716 3000 ad
738 2942 878 3015 oflieium,
899 2943 1020 3004 sibimet
1041 2943 1115 3002 sotis
1138 2943 1268 3021 aptum„

453 3041 544 3112 Quod
565 3042 672 3121 lingua
693 3043 781 3122 vulgi
802 3045 913 3105 seimus
935 3044 1114 3106 vicedomno
1136 3041 1284 3123 vocitari.-

450 3145 519 3206 Hae
541 3145 636 3223 igitur
657 3147 735 3207 tanti
756 3166 866 3228 pompa
888 3143 1061 3228 splendoris
1081 3148 1202 3228 adepta,

455 3247 596 3308 Pontifici
618 3268 651 3308 se
675 3251 845 3329 subjeetum
867 3251 1010 3330 oleraque
1030 3251 1201 3312 modestum

384 3347 435 3412 20.
447 3349 593 3410 Praebuit
615 3353 707 3429 etque
732 3351 816 3433 pium
836 3354 949 3433 populo
978 3354 1156 3432 cunctisque
1179 3351 1346 3430 benignum

455 3449 681 3533 Commissoque
705 3455 795 3534 gregi
816 3456 916 3516 studio
939 3459 1083 3538 praeerat
1104 3454 1254 3533 vigilanti,

449 3553 585 3617 Maxime
608 3557 664 3616 sed
686 3539 799 3618 Christi
819 3558 950 3619 minimis
971 3557 1152 3637 miserisque
1171 3555 1295 3638 pupillis

455 3658 503 3719 Ao
525 3659 618 3720 uastis
639 3659 740 3720 viduis
762 3679 880 3722 neenon
903 3661 1021 3721 eunetis
1042 3659 1217 3741 peregrinis

447 3760 561 3822 Vestes
583 3764 616 3821 et
636 3762 752 3824 vietum
774 3763 886 3822 dextra
906 3763 1013 3823 trihuit
1032 3763 1111 3824 bene
1133 3763 1231 3840 larga,

367 3914 547 3926 *ιι-

307 4011 311 4020 ¹
379 3994 569 4048 vitonum,
589 3994 634 4052 n.;
657 3995 868 4053 escuseunp.1².;
899 3997 989 4051 leret,
1008 3997 1136 4051 ll.‚l‘.‚c.
1160 3995 1222 4043 us.
1259 3999 1392 4043 thul-us

435 4063 816 4116 dissimularemus.
835 4065 859 4108 ἃ
885 4069 918 4109 21.
936 4066 1092 4108 cannino
1106 4069 1180 4122 gregi,
1197 4067 1243 4122 ης
1259 4068 1286 4109 Ρ.
1299 4068 1338 4110 liat
1355 4068 1391 4110 dle

229 4473 256 4488 μ
616 4182 810 4455 τ’·

204 4400 402 4810 l*
544 4484 655 4816 r
787 4486 1049 4820 ln
