3144 4888
772 463 1015 532 -102-

387 638 458 706 125.
473 641 638 724 „Turpiter
659 642 775 722 absque
796 657 882 702 mora
901 640 1014 721 peries,
1036 639 1212 702 duleiusima
1231 639 1350 720 proles!

510 745 599 815 Quae
620 763 701 818 nam,
723 745 883 805 eonsilium
903 744 1026 824 penitus
1047 744 1221 825 spernendo
1233 746 1404 823 paternum,

465 847 565 908 Vultu
584 846 721 908 mordaci
742 847 865 927 proprio
889 846 968 908 dixit
987 847 1136 925 genitori:

466 948 521 1026 „si
543 948 697 1030 complere
717 968 820 1010 meum
841 949 979 1011 tardabis
1000 945 1134 1028 denique
1155 952 1270 1023 votum,

467 1049 663 1134 „Comperies
684 1053 798 1113 alaram
821 1052 909 1112 eitius
929 1052 1047 1144 prolem
1066 1054 1272 1116 morituram.“

383 1151 453 1217 130.
470 1153 558 1216 Tune
577 1154 689 1229 senior,
709 1173 771 1215 non
793 1156 911 1234 sponte,
934 1154 1024 1216 minis
1046 1155 1187 1216 devictus
1208 1156 1329 1232 amaris,

470 1257 654 1319 Tradiderat
673 1257 786 1318 sobolis
806 1276 898 1318 servo
918 1257 1071 1318 consortia
1092 1256 1198 1332 duleis,

465 1357 649 1422 condonans
669 1359 903 1421 substantiolam
922 1359 1038 1440 pariter
1056 1359 1223 1442 pretiosam

465 1461 561 1544 Ipsis,
583 1461 655 1523 hine
674 1463 773 1525 animo
793 1465 886 1523 natae
906 1463 1028 1523 dicebat
1047 1481 1166 1524 amaro:

466 1563 608 1639 „Infelirn
628 1584 690 1626 non
710 1565 809 1626 selieis
831 1567 866 1626 tu
886 1567 958 1625 nata
978 1565 1124 1645 parentis,

291 1725 296 1734 ,
380 1661 450 1727 135.
466 1666 535 1741 „Tu
555 1667 650 1728 deeus
670 1670 763 1747 atque
783 1667 870 1729 dolor
889 1667 1005 1740 matris,
1026 1670 1122 1728 temet
1142 1667 1300 1748 parientis,

464 1768 592 1845 „Totius
614 1772 646 1832 et
666 1770 764 1831 nostri
783 1769 908 1848 generis
928 1770 1065 1831 confusio
1086 1771 1195 1851 turpis,

468 1869 654 1951 „Congaude
671 1875 736 1954 jam
756 1891 836 1932 nune
859 1891 959 1946 servo,
989 1873 1101 1934 misere
1122 1873 1177 1934 tibi
1199 1891 1279 1948 earo,

464 1972 525 2050 „Et
544 1977 615 2057 post
636 1975 771 2037 aeternis
790 1975 898 2056 poenis
918 1995 1061 2038 moerens
1081 1975 1246 2059 capierisl“

766 2303 1024 2316 mnu-q*-

461 2597 541 2694 Tali
561 2631 703 2714 conjugio
728 2634 855 2694 satanae
878 2652 948 2694 uum
968 2632 1078 2694 fraude
1098 2635 1233 2715 peraeto,

381 2731 631 2799 140.00nd01uit
651 2733 800 2812 Christus,
821 2737 928 2797 mundi
948 2737 1084 2799 salrator
1105 2738 1261 2813 amandus,

466 2840 551 2910 Quos
572 2842 641 2921 pius
663 2839 760 2900 effusa
779 2840 914 2901 salvavit
933 2840 1092 2920 sanguinis
1112 2841 1203 2916 unda,

464 2941 572 3004 Hostis
594 2945 651 3003 sub
672 2941 730 3003 diri
746 2943 855 3004 vinulis
879 2945 984 3024 captos
1005 2943 1142 3018 retineri,

463 3045 506 3108 Et
525 3046 629 3127 placet
650 3045 800 3106 auxilium
821 3046 916 3126 lapsis
938 3048 1098 3125 praestare
1120 3046 1295 3126 benignum.

468 3148 593 3210 Scilicet
613 3148 730 3209 erranti
749 3168 822 3208 mox
842 3152 988 3208 narratur
1009 3149 1138 3224 mulieri,

378 3247 448 3313 145.
464 3252 556 3322 Quod
577 3271 639 3312 non
661 3251 828 3312 catholicus
848 3250 942 3312 fuerit
964 3253 1078 3332 eonjux
1097 3252 1191 3313 miser
1214 3253 1289 3333 ejus,

461 3353 529 3415 Nee
549 3353 642 3414 limen
665 3353 771 3435 templi
792 3353 889 3415 vellet
910 3355 990 3435 pede
1012 3358 1144 3434 tangere
1167 3355 1273 3430 saneti,

464 3455 505 3518 Se
528 3457 600 3537 quia
623 3457 776 3539 serpentis
795 3457 858 3538 juri
880 3458 1023 3519 tradebat
1045 3459 1140 3533 avari,

464 3559 560 3622 Saura
582 3580 701 3641 negans
725 3564 829 3621 sectae
851 3560 932 3635 fidei,
954 3582 1065 3622 nomen
1089 3582 1209 3642 quoque
1232 3561 1353 3624 Christi.

465 3661 559 3740 Quae,
583 3685 617 3725 se
640 3665 809 3746 deceptam,
832 3683 1030 3742 cognoscens,
1054 3685 1124 3725 esse
1147 3665 1305 3740 misellam,

379 3764 449 3830 150.
462 3767 598 3829 Auribus
620 3767 746 3829 intentis
768 3768 803 3827 ut
824 3764 922 3824 sensit
942 3769 1040 3827 verba
1061 3768 1223 3846 loquentis,

461 3869 500 3932 In
521 3873 637 3931 terram
659 3869 779 3945 cecidit,
801 3870 945 3931 membris
967 3870 1150 3933 tremefacta
1172 3871 1290 3946 solutis,

404 4104 720 4159 rus.parm,r.,c.n.s.
750 4105 895 4160 suarim,
917 4105 1015 4152 c.n.S.
1058 4109 1102 4152 lat.
1124 4108 1313 4162 Cantantes,
1340 4108 1364 4152 c.
1381 4087 1407 4155 ir.

462 4174 851 4233 s.1l2.·uudlrr,1².,c.‚u.s.
