3134 4896
749 491 961 560 -30-

429 669 567 750 Aegypti
588 671 731 732 tenebras
753 669 877 752 propria
899 689 958 751 quo
980 669 1049 731 luce
1071 669 1211 730 vetustas

429 770 505 834 Mox
525 773 703 848 illustraret,
723 793 780 854 per
801 793 834 834 se
854 773 1038 855 penitusque
1060 773 1192 851 fugaret.

473 873 608 955 Contigit
629 895 704 957 ergo
727 877 776 938 die
799 877 938 957 quadam,
958 875 1154 956 requiescere
1174 873 1258 935 uelle

431 976 528 1041 Juxta
549 981 727 1060 speluncam
748 985 884 1042 sanctam
907 1001 975 1042 eum
996 980 1082 1061 prole
1102 977 1238 1038 Mariam.

347 1077 416 1144 705.
428 1081 517 1153 Quae
539 1087 587 1145 sat
607 1085 697 1160 lasse,
716 1085 822 1146 tuerat
841 1103 910 1146 cum
931 1084 1010 1147 forte
1032 1084 1141 1157 locata,

432 1183 556 1250 Scilicet
570 1188 609 1248 in
631 1187 747 1268 gremio
770 1187 877 1250 Jesum
897 1188 980 1249 molli
997 1185 1179 1260 refovendo,

430 1287 521 1352 Multi
542 1291 695 1353 terribiles
717 1293 888 1372 procedunt
908 1310 1038 1372 namque
1061 1291 1210 1351 dracones

430 1390 481 1454 Ex
503 1395 560 1456 hac
581 1395 736 1476 spelunea,
758 1415 814 1476 pro
837 1414 897 1476 qua
918 1395 977 1456 fuit
996 1395 1063 1477 ipsa
1084 1395 1193 1467 locata,

432 1495 518 1566 Quos
540 1496 656 1578 Joseph
677 1498 765 1580 pueri
787 1501 957 1574 cernentes,
981 1495 1185 1578 obstupefacti
1229 1565 1237 1583 ι

290 1613 293 1624 ’
348 1594 418 1660 710.
430 1597 605 1682 Coeperunt
626 1605 711 1664 certe
732 1621 844 1682 magno
866 1603 998 1664 clamare
1019 1601 1135 1676 timore,

431 1703 474 1765 At
494 1725 573 1786 puer
594 1725 612 1766 e
633 1707 749 1786 gremio
770 1707 876 1768 matris
898 1706 1035 1768 surrexit
1056 1703 1193 1777 amando,

433 1807 535 1884 lesus,
557 1828 682 1872 sacrans
704 1812 805 1872 stabat
826 1809 908 1872 mitis
930 1829 1050 1890 quoqne
1072 1807 1186 1888 plantis

434 1908 547 1972 Contra
568 1912 747 1975 frendentes
769 1916 890 1975 turbata
912 1915 1015 1974 mente
1028 1912 1194 1983 ¹dracones,

433 2012 495 2084 Qui
516 2015 614 2077 subito
635 2016 724 2096 proni
746 2016 922 2078 ceciderunt
942 2015 1151 2089 mansuefacti,

350 2110 564 2179 alcoranus
586 2120 687 2182 tacitis
709 2120 857 2181 sectorem
871 2121 1000 2182 nutibus
1022 2121 1112 2194 orbis,

433 2219 576 2302 Ipseque,
599 2223 776 2302 digrediens
798 2224 892 2286 eremi
914 2244 971 2305 per
993 2224 1084 2284 devia
1105 2221 1194 2296 vasti,

433 2322 508 2386 Illos
530 2328 707 2407 praecessit,
730 2329 852 2409 sequier
874 2348 943 2389 sese
965 2345 1086 2407 qnoque
1104 2324 1204 2407 jussit.

476 2427 554 2504 Quo,
577 2429 701 2512 loseph,
723 2433 798 2507 viso,
821 2431 958 2512 genitrix
979 2429 1151 2509 Christique
1173 2429 1301 2501 sacrata,

433 2531 609 2609 Exanimes,
631 2535 760 2615 fragiles
781 2556 838 2617 pro
861 2534 1080 2598 consuetudine
1103 2531 1203 2594 carnis

352 2629 422 2694 720.
435 2634 531 2712 Facti,
554 2641 603 2699 sat
623 2639 764 2719 pavitant
784 2659 915 2720 puerum
935 2638 1078 2718 laedique
1099 2636 1254 2696 timebant,

433 2737 506 2819 Ipse
529 2741 593 2816 sed,
615 2732 770 2823 inspector
791 2742 910 2817 mentis,
931 2742 1020 2803 testis
1042 2758 1163 2821 quoque
1186 2736 1294 2810 cordis,

432 2839 520 2903 Haec
542 2863 691 2926 responsa
712 2846 805 2922 dedit,
827 2845 939 2906 timidis
961 2862 1129 2906 conversus
1152 2844 1184 2902 et
1203 2838 1316 2920 inquit:

434 2944 560 3020 „Quare
581 2948 732 3010 laetantes
753 2951 873 3011 tentum
893 2947 1063 3010 tractabitis
1085 2949 1170 3008 artus

435 3048 493 3124 „In
513 3069 571 3126 me,
593 3052 739 3114 virtutem
761 3054 867 3134 capitis
888 3071 946 3113 nec
966 3055 1068 3112 mente
1089 3047 1281 3130 perennem?

354 3145 603 3228 725.„Quamvis
624 3155 762 3217 humanis
784 3155 841 3216 sim
862 3174 976 3238 parvus
997 3153 1157 3215 homuncio
1177 3150 1329 3222 membris,

435 3255 513 3330 „Vir
534 3260 636 3319 tamen
659 3261 847 3342 omnipotens
869 3279 984 3322 summo
1007 3277 1074 3320 sum
1094 3255 1218 3318 numine
1242 3253 1370 3334 pollens,

435 3356 611 3434 „Gondecct
632 3365 733 3443 atque,
755 3364 840 3425 feras
863 3364 959 3426 silvae
978 3379 1194 3426 mansuescere
1216 3359 1341 3418 cunctas

436 3460 507 3537 „Me
530 3484 640 3543 coram,
661 3466 747 3528 rabie
769 3468 893 3529 dimissa
913 3468 972 3530 rite
994 3467 1123 3550 priore.“

479 3566 554 3631 Post
574 3570 652 3632 haec
672 3571 882 3652 magnanimes
903 3591 972 3634 cnm
986 3571 1091 3654 pardis
1112 3584 1243 3645 namque
1265 3562 1371 3623 leones

354 3662 423 3730 730.
434 3669 562 3758 Necnon
583 3676 785 3755 cunctigenae
808 3679 963 3736 venerunt
982 3673 1115 3753 undique
1136 3671 1245 3745 lectae,

437 3775 480 3841 Ut
500 3795 637 3853 sensere,
658 3777 725 3838 lore
745 3779 863 3860 prolem
882 3777 1020 3838 Factoris
1041 3776 1160 3850 adesse,

437 3877 569 3943 Orantes
590 3899 721 3964 puerum
741 3880 902 3942 subimissa
922 3899 998 3943 uoce
1019 3879 1177 3955 tenellum,

355 4055 532 4066 -ψ--Μ

317 4131 327 4152 ’
375 4153 422 4198 '1oe-
437 4151 611 4208 praesume.
626 4167 649 4196 u.
664 4153 688 4196 8.
702 4153 940 4207 libentissime.
956 4165 978 4198 u,
992 4153 1016 4197 S.
1043 4148 1299 4205 l10.vlsa,0.u.s.

442 4223 489 4269 ¹12³.
504 4223 667 4282 lactentes,
684 4223 707 4266 α
723 4236 745 4270 u.
760 4223 785 4268 ⁸.
812 4223 858 4266 732.
872 4224 922 4266 snb
936 4225 1096 4276 minume,
1109 4221 1134 4264 C.
1148 4231 1171 4265 ι.
1185 4219 1223 4272 &3
1239 4219 1320 4270 ¹·015·

439 4571 651 4856 si
783 4430 1191 4854 fii
