3080 4892
558 521 798 590 ...ξ-351...

151 696 229 764 325.
244 699 333 762 Haeo
356 699 416 762 fuit
437 699 550 762 illustri
573 697 695 762 cuidam
716 699 902 782 nimiumque
924 698 1041 784 potent'

241 805 436 886 Desponsata
457 805 534 879 viro,
556 803 738 876 Bernhardo
761 805 882 866 nomine
906 805 1004 883 dict03

243 907 307 969 Sed
329 923 398 968 sese
421 905 543 970 Christo
567 907 646 968 olam
668 912 906 970 consecraverat
925 909 1002 990 ipsa,

131 1073 134 1092 ¹
241 1009 376 1073 Coelesti
397 1031 473 1072 vere
496 1029 618 1092 sponso,
640 1011 795 1072 velamine
818 1030 929 1086 sacro,

240 1113 370 1176 Omnino
393 1133 539 1195 sponsum
560 1133 710 1196 spernens
732 1115 832 1177 animo
854 1115 1044 1179 moriturum.
1173 1109 1176 1118 ¹

150 1214 228 1280 330.
252 1217 320 1280 Neo
341 1221 444 1279 tamen
466 1218 627 1298 extimplo,
649 1238 706 1299 pro
728 1218 879 1280 seditione
902 1219 1052 1295 cavenda,

238 1320 325 1382 Auro
348 1321 506 1400 fulgentes
527 1321 628 1401 potuit
649 1320 807 1402 deponere
827 1326 943 1398 vestes,

237 1423 382 1484 Induitnr
404 1423 492 1485 solito
515 1424 572 1484 sed
592 1424 710 1486 vestitu
735 1425 879 1505 pretioso.

238 1525 366 1588 Interea
387 1526 483 1601 venit,
506 1545 598 1606 quern
619 1545 732 1607 sponsa
753 1527 813 1588 Dei
834 1529 1022 1609 reprobavit,

238 1629 293 1693 Uti
314 1629 473 1710 colloquiis
496 1631 564 1711 ejus
586 1641 740 1709 quaerens
760 1630 940 1693 manifestis.

149 1727 222 1794 335.
236 1732 369 1794 Audiuit
390 1752 475 1808 vero,
497 1735 602 1794 votum
626 1732 697 1812 quia
719 1732 830 1795 feeerit
850 1733 927 1814 ipsa,

238 1836 330 1899 Velle
352 1836 525 1918 puellarem
547 1838 632 1897 caste
655 1855 783 1898 servare
804 1836 962 1918 pudorem.

236 1938 326 2010 Quae
349 1959 419 2000 oum
441 1939 580 2000 tardaret
602 1939 662 2001 cito
684 1959 743 2001 nec
763 1941 934 2021 procedere
955 1940 1063 2016 uellet,

236 2041 327 2112 Quod
348 2042 434 2123 prius
456 2041 605 2118 audierat,
627 2063 739 2106 rerum
760 2043 827 2106 fore
849 2043 943 2106 valde
965 2043 1109 2120 timebat3

233 2143 457 2227 Impatiensque
486 2164 591 2208 morae
614 2147 757 2213 domnam
777 2147 924 2229 precibus
945 2147 1050 2229 placat
1072 2145 1184 2222 Odam,

147 2245 221 2312 340.
236 2248 343 2310 Donec
364 2249 432 2329 ipse
454 2267 542 2311 suam
561 2249 655 2330 jussit
674 2251 845 2332 procedere
867 2253 981 2326 natam,

235 2350 384 2413 Ornatam
407 2352 537 2433 pulchre
560 2352 645 2414 cultu
666 2354 764 2414 vestis
786 2353 941 2434 pretiosae

231 2454 362 2516 Necnon
385 2455 547 2534 gemmatis
570 2475 753 2537 sponsarum
775 2475 860 2518 more
881 2454 1023 2518 metallis.

232 2557 293 2619 Ast
315 2557 367 2618 ubi
388 2558 589 2620 Bernhardus
611 2559 698 2635 vidit,
720 2578 813 2640 quam
835 2558 1033 2635 desiderarit,

232 2660 292 2722 His
314 2661 420 2722 verbis
444 2679 548 2723 caram
570 2663 692 2724 causari
713 2663 814 2724 fertur
835 2662 980 2724 amicam:

147 2761 219 2827 345.
235 2764 325 2841 „Non
345 2783 419 2827 raro
440 2764 542 2841 didici,
563 2765 646 2828 fama
668 2766 857 2848 procedente
880 2765 1014 2840 sinistra,

234 2867 346 2943 „Quod
367 2870 402 2929 tu
424 2867 532 2929 nitaris
555 2872 695 2931 nostrum
717 2869 910 2950 disrumpere
932 2871 1058 2949 pactum

234 2970 294 3048 „Et
315 2972 388 3035 fidei
409 2972 519 3034 foedus
541 2973 729 3034 servandum
750 2972 874 3034 solvere
896 2990 1032 3053 prorsus.

234 3073 298 3151 „Aa
318 3093 401 3136 nuno
423 3074 463 3136 ad
484 3077 601 3138 bellum
623 3076 711 3138 eitius
733 3095 903 3158 properare
925 3075 1064 3138 futurum

232 3177 424 3260 „Praecepto
446 3179 532 3258 regis
557 3198 661 3259 cogor,
682 3180 782 3242 nostri
803 3179 943 3242 senioris.

148 3276 219 3342 350.
235 3279 337 3358 „Hinc
357 3284 481 3362 tempus
503 3283 587 3362 quod
607 3301 691 3343 nunc
712 3301 774 3344 non
798 3284 847 3342 est
867 3283 926 3344 hoc
948 3281 1140 3358 discutiendi,

232 3382 288 3462 „ei
308 3385 436 3446 redeam
458 3387 543 3446 certe
566 3405 682 3467 sospes,
706 3385 872 3446 comitante
894 3384 1005 3460 salute,

232 3486 336 3564 ,‚Soito
357 3489 466 3570 procul
489 3488 590 3564 dubio,
613 3487 694 3568 quod
716 3489 748 3549 te
769 3487 907 3549 mihimet
928 3487 1050 3551 sociabo

231 3589 354 3670 „Atque
377 3590 424 3653 tui
443 3592 552 3653 votum
573 3590 696 3672 penitus
718 3591 924 3672 pessumdabo
945 3593 1089 3652 vanum.“

232 3692 374 3769 Dixerat,
398 3696 431 3755 et
451 3695 573 3770 dextra,
595 3699 754 3777 permotus
774 3698 888 3770 mente,
910 3695 1026 3770 levata,

146 3791 217 3858 355.
234 3795 326 3859 Jurat
346 3817 404 3879 per
426 3798 579 3878 gladium,
609 3819 667 3880 per
697 3798 893 3860 candidulum
915 3816 1037 3879 quoque
1060 3795 1180 3872 collum,

231 3899 329 3962 Juxta
351 3919 444 3982 posse
466 3901 514 3963 sui
535 3901 626 3964 factis
647 3902 808 3984 praedicta
828 3902 953 3985 repleri.

151 4151 152 4156 ¹
170 4101 217 4146 326.
231 4101 392 4158 Ber-uredo,
407 4102 540 4148 Lok.u.bb.
568 4104 616 4148 ³28.
630 4103 728 4146 coelesti
741 4104 816 4158 fera,
832 4103 889 4159 Ap.;
905 4101 1110 4157 eoelestlfera,
1124 4101 1178 4146 aes.

231 4172 279 4216 337.
294 4173 440 4226 tardaret,
454 4172 509 4218 Lek.
536 4175 582 4217 339.
599 4175 661 4216 dnm
672 4175 758 4228 lnam,
772 4174 814 4227 Ap.
827 4185 849 4214 u.
863 4173 917 4218 Lek.
945 4171 992 4217 346.
1007 4170 1073 4214 Quod
1088 4175 1122 4222 te.
1136 4173 1181 4226 Ap·

221 4241 320 4298 u.er.;
335 4243 454 4297 nitens,
469 4241 523 4286 bak.
550 4243 598 4287 350.
613 4244 736 4300 quodni,
749 4241 900 4300 Apulam
915 4242 1057 4298 quonium,
1071 4242 1178 4290 bauli.
