3144 4888
722 455 961 526 -114-

416 631 619 713 „Consentire
641 636 705 697 tuis
727 635 781 715 qui
802 637 877 696 dant
898 653 1023 716 operam
1044 636 1094 716 pie
1112 635 1218 716 jussis.

419 736 535 814 „Certa
556 742 735 800 constanter
755 758 908 818 servaque
929 740 1021 799 fidem
1042 739 1205 819 patienter,

336 838 407 904 185.
423 841 513 918 „Quo
536 845 679 904 crescant
700 843 830 904 celebris
852 843 909 902 tibi
926 843 992 922 jam
1011 843 1176 922 praeconia
1198 840 1306 908 laudis,

418 943 487 1020 „Ea
510 947 724 1025 quodcumque
746 945 843 1005 sacris
865 963 883 1004 a
905 965 954 1004 me
976 945 1119 1025 precibus
1140 943 1300 1022 rogitabiS,

419 1047 613 1128 „Impetrare
634 1049 695 1109 mei
713 1049 829 1129 poteris
852 1048 931 1108 dono
953 1048 1104 1128 pietatis.“

417 1149 487 1210 Tali
507 1149 641 1212 laetatus
663 1151 753 1211 fortis
775 1152 922 1211 solamine
945 1151 1033 1210 108118

418 1251 512 1312 Nulla
526 1254 621 1314 timet
642 1255 795 1313 tormenta
816 1255 881 1332 pati
902 1273 958 1332 pro
979 1253 1101 1312 nomine
1123 1249 1245 1311 Christi.

334 1349 404 1414 190.
418 1353 494 1414 Post
515 1355 593 1415 haec
615 1355 762 1416 abstracti
784 1358 881 1414 testes
901 1356 939 1415 de
963 1374 1089 1415 carcere
1111 1354 1202 1428 terni,

415 1455 586 1536 Praecepto
607 1477 680 1518 mox
701 1458 851 1536 praefecti
873 1461 1004 1536 cogente
1027 1457 1161 1536 superbi,

419 1558 470 1618 An
492 1560 610 1620 vellent
631 1560 725 1635 duris,
748 1561 931 1639 rogitantur,
955 1561 1066 1620 cedere
1089 1561 1205 1639 poenis

416 1660 478 1730 Qui
497 1663 578 1723 hene
600 1663 772 1738 corcordes,
794 1663 878 1724 clara
900 1683 1021 1742 quoquc
1042 1682 1120 1723 voce
1141 1664 1286 1735 10100108,

415 1763 540 1825 Patrem
563 1785 633 1826 cum
653 1766 734 1826 Nato
757 1785 877 1825 necnon
900 1785 968 1825 cum
991 1766 1131 1826 Flamina
1155 1783 1244 1826 sacro

333 1861 404 1927 195.
419 1865 499 1927 Esse
522 1869 621 1928 Deum
642 1889 753 1929 verum
774 1869 932 1946 solumque
954 1867 1134 1947 perenniter
1156 1887 1261 1940 unum,

418 1969 586 2032 Testantur
608 1991 682 2032 mox
702 1973 794 2030 mallo
815 1971 892 2030 mori
913 1990 969 2050 pro
991 1970 1113 2030 nomine
1137 1967 1260 2041 Christi,

421 2070 618 2134 Membratim
639 2093 759 2152 quoque
782 2073 938 2153 suppliciis
960 2073 1058 2132 scindi
1079 2072 1237 2146 redivivis,

420 2174 522 2244 Quam
543 2194 600 2235 sua
623 2176 701 2236 colla
724 2176 781 2235 diis
804 2194 948 2254 umquam
970 2175 1150 2234 submittere
1174 2174 1268 2234 falsis,

417 2276 486 2338 Hac
508 2279 607 2357 magis
631 2277 764 2339 offensus
787 2297 914 2359 praeses
936 2277 1055 2338 ratione
1077 2278 1237 2356 profanus,

328 2377 401 2442 200.
420 2378 485 2444 Ceu
507 2381 566 2455 leo,
589 2401 651 2442 non
671 2381 791 2442 modica
812 2381 949 2460 rugiens,
969 2383 1181 2460 praeceperat,
1202 2381 1257 2454 ira,

416 2483 551 2546 Athletis
574 2482 688 2546 Christi
710 2485 848 2545 cervices
869 2503 942 2545 mox
963 2483 1100 2543 resecari
1217 2515 1218 2520 κ

415 2586 458 2648 Et
478 2588 589 2666 gladiis
613 2591 738 2648 cunctos
760 2587 869 2668 perimi
888 2586 1072 2667 baptismate
1094 2587 1182 2646 10108.

415 2687 568 2750 Caedibus
589 2691 766 2766 innumeris,
789 2693 824 2750 01
841 2690 943 2770 jussit,
965 2708 1096 2768 namque
1116 2689 1260 2770 peractis,

413 2791 545 2853 Praesul
567 2813 636 2853 oum
658 2793 748 2853 sociis
767 2795 893 2872 junctus
917 2792 1049 2852 trahitur
1072 2792 1258 2850 venerandis

327 2890 400 2955 205.
415 2895 466 2955 Ad
487 2895 555 2956 loca
576 2895 717 2974 martyrii
739 2895 869 2974 dampno
893 2895 1026 2973 capitum
1049 2895 1229 2974 peragendi.

414 2995 576 3070 Quinam,
600 2996 783 3074 gaudentes,
805 2997 933 3056 Domino
957 2997 1127 3074 laudesque
1150 3001 1307 3073 canentes,

413 3099 592 3177 Pergehant
613 3099 746 3179 prompti
767 3103 959 3159 semet‘mox
981 3099 1097 3159 dedere
1119 3101 1217 3160 morti.

416 3201 547 3262 Praesnl
568 3204 650 3275 tuno,
674 3201 770 3262 oculis
793 3221 916 3260 sursum
937 3203 1137 3281 manibusque
1160 3203 1281 3276 levatis,

414 3305 590 3365 Altithrono
612 3305 692 3364 10108
714 3304 865 3364 fundebat
887 3323 1023 3382 congrue
1046 3311 1167 3384 grates:
1260 3337 1263 3344 =

325 3403 397 3467 210.
416 3405 479 3481 „Mi
502 3406 577 3481 Dee,
600 3408 771 3481 misectur,
793 3408 834 3467 mi
858 3408 1094 3469 clementissime
1117 3412 1229 3482 rector,

410 3510 499 3586 „Qus
522 3531 571 3572 me
593 3511 681 3572 vitali
702 3514 865 3591 praestans
887 3529 963 3571 aura
984 3511 1033 3591 pie
1054 3514 1148 3586 vesci,

412 3612 557 3686 ,80111001
578 3613 695 3692 ingenii
717 3613 836 3675 donast'
859 3613 929 3674 1000
951 3614 1104 3693 profundi,

409 3717 498 3790 „Quo
521 3717 560 3778 tis
583 3721 737 3776 secretum
758 3720 915 3776 scrutarer
936 3717 1161 3795 mysteriorum,

409 3819 474 3894 „Te
495 3819 595 3879 solum
616 3820 717 3894 laudo,
740 3822 770 3878 te
793 3795 978 3878 cordetehus
1001 3821 1159 3894 10001100,

322 3917 396 3984 215.
411 3921 472 3996 „Et
493 3921 549 3980 tibi
569 3921 698 3981 devotas
721 3920 838 3980 cunctis
861 3924 967 3997 grates
990 3939 1050 3998 ago
1072 3923 1216 3982 membris

352 4090 699 4150 191.Ῥ.110100111001081011
719 4103 791 4144 scindi
809 4103 915 4144 redivivis
936 4117 965 4146 sc
986 4105 1109 4148 credere
1129 4108 1223 4152 doris.
1250 4107 1298 4151 ati.
1318 4107 1350 4148 hd

407 4173 505 4230 laetis,
521 4173 553 4216 ii.
