3134 4896
781 523 995 591 ...52-

507 697 692 763 Cironmfert
712 701 847 763 lubricos
870 704 962 782 atque
985 719 1083 780 vegos
1107 703 1220 777 oeulos,

465 803 631 884 Inquirens
653 805 804 881 baculum,
827 807 931 866 terrae
954 807 1092 884 tempore
1116 804 1279 886 sepultum,

505 905 546 968 Et
567 911 691 968 nactum
712 909 819 992 tractis
841 896 970 990 arripuit
993 907 1106 987 digitis,

380 1005 451 1098 245Ἰ
467 1008 676 1091 Extraxitque
699 1011 772 1085 solo,
793 1031 891 1092 parva
912 1017 1092 1073 remanente
1116 1029 1259 1072 caverna.

410 1128 414 1136 ’
506 1112 581 1174 Post
603 1114 680 1174 haec
701 1115 898 1194 conspicuum
920 1117 955 1176 ut
977 1115 1066 1175 lieret
1086 1115 1210 1175 titulum
1241 1120 1244 1124 “

462 1212 554 1276 Certo
577 1237 636 1296 quo
659 1218 740 1278 facto
763 1217 874 1278 cecidit
895 1219 1049 1278 nubecula
1071 1237 1177 1298 parva,

506 1318 595 1388 Quae
617 1321 750 1381 volitans
773 1337 848 1380 aura
869 1323 941 1381 ente
966 1321 1025 1382 fuit
1045 1339 1153 1395 vacua,

459 1421 582 1483 Evomit
604 1427 635 1484 et
657 1423 798 1498 tumidas,
820 1424 886 1505 ipso
907 1424 1046 1506 disrupta
1067 1424 1186 1498 locello,

376 1521 447 1585 250.
507 1524 614 1588 Undas
636 1527 819 1608 praescripti
842 1527 974 1607 denique
995 1526 1144 1601 fonticuli,

327 1681 331 1687 .
459 1629 622 1692 Mensurae
645 1633 805 1691 scatebrae
827 1649 924 1690 venas
947 1647 1068 1710 quoque
1090 1629 1159 1691 fixit
1180 1647 1323 1709 aquosae,
1411 1682 1419 1690 .

505 1733 638 1814 Virgula
659 1733 800 1816 praefixa
823 1751 882 1813 quo
905 1733 963 1793 suit
985 1733 1107 1812 exigua.

457 1837 500 1898 nt
522 1857 600 1918 puer
622 1838 779 1919 obstupuit
800 1855 968 1916 vocemque
990 1845 1054 1917 per·
1068 1841 1142 1898 aera
1163 1837 1292 1918 spargit,

505 1938 645 2000 Suadens
666 1940 813 2000 militibus
835 1937 929 2001 affore
948 1941 1012 2020 jam
1036 1939 1135 2015 citius,
1251 1989 1254 1993 .

371 2037 444 2104 255.
460 2040 528 2102 Illis
550 2047 643 2123 atque
666 2043 739 2105 novi
760 2043 899 2104 narravit
921 2043 1034 2122 gaudie
1056 2043 1145 2122 signi,

502 2147 590 2218 Quae
613 2164 672 2206 rex
694 2145 819 2206 militiae
844 2145 951 2206 annuit
971 2146 1139 2226 angelicae.

455 2250 536 2311 Dum
558 2249 658 2310 subito
681 2248 791 2323 cuncti,
814 2253 900 2310 tanto
923 2248 1012 2328 signo
1034 2250 1218 2323 tremefacti,

502 2354 627 2415 Tollunt
648 2353 796 2414 mirantes
819 2354 859 2414 ad
881 2372 1010 2434 superos
1033 2352 1138 2428 facies,

452 2457 670 2539 Expansisque
693 2457 756 2518 suis
779 2475 883 2518 omnes
907 2457 947 2517 ad
968 2456 1071 2517 sidera
1092 2456 1211 2536 palmis,

365 2557 437 2622 260.
494 2559 635 2622 Laudem
658 2561 827 2621 carminula
848 2559 1032 2622 concinuere
1052 2558 1127 2634 Dec,

451 2663 533 2724 Ecce
556 2665 710 2745 palatinus
731 2665 855 2746 pelvem
875 2663 1015 2723 menibus
1037 2662 1108 2722 tulit
1129 2682 1219 2737 unus,

491 2765 638 2846 implevit
659 2767 785 2848 lympha
807 2787 899 2848 quem
922 2766 980 2827 cito
1004 2765 1176 2846 conspicua,

448 2867 544 2930 Laeto
567 2866 755 2948 Gongolium
776 2870 864 2930 vultu
885 2888 1006 2950 quoque
1028 2870 1133 2950 pergit
1154 2868 1193 2929 ad
1217 2869 1337 2940 almum,

494 2970 538 3033 Ut
560 2972 681 3032 sibimet
703 2972 824 3051 signum
847 2973 964 3033 diceret
984 2972 1155 3047 insolitum

361 3069 432 3135 265.
449 3073 499 3146 Et,
523 3092 626 3135 coram
649 3077 734 3136 tanto
756 3076 927 3137 subsistens
950 3077 1052 3136 incute
1075 3094 1186 3137 serene
1271 3129 1273 3132 .

490 3175 633 3252 Consule,
656 3178 694 3238 de
717 3178 818 3240 rostro
840 3179 917 3239 haec
939 3178 1025 3240 dedit
1047 3177 1191 3260 egregio:

520 3279 663 3355 „Laetus
686 3282 738 3355 ait,
761 3281 870 3342 merito
890 3301 993 3343 sumas
1015 3283 1173 3342 rarissima
1194 3282 1284 3354 dona,

486 3383 594 3458 „Quae
616 3383 670 3444 tibi
693 3404 754 3444 non
776 3387 860 3446 terra
882 3385 1010 3446 contulit
1032 3385 1155 3464 exigua,

441 3484 523 3560 „Sed
545 3507 604 3548 rex
625 3487 692 3570 ipse
714 3488 777 3569 poli
799 3507 915 3550 summo
938 3490 976 3549 de
999 3489 1117 3550 vertice
1140 3488 1219 3548 coeli

355 3583 426 3649 270.
487 3588 569 3664 „Per
590 3591 680 3652 nubis
701 3592 811 3652 mirum
826 3592 953 3653 miserat
974 3591 1115 3653 officium.

439 3691 540 3768 „Hine
562 3713 617 3755 nos
640 3694 789 3755 laetitiam
810 3697 929 3756 constat
951 3713 1032 3754 nuno
1054 3711 1185 3774 carpere
1206 3713 1360 3774 magnam,

479 3794 633 3870 „Sedibus
653 3801 770 3858 tantam
792 3817 826 3857 es
849 3797 920 3876 qnia
940 3795 1129 3874 gloriolam.“

435 3898 541 3960 Illicet
562 3918 579 3958 e
603 3903 710 3960 contra
731 3900 814 3960 fatur
836 3899 900 3959 dux
923 3917 976 3959 ore
998 3917 1119 3970 sereno,

352 4036 531 4048 -ὺ-ι-

371 4099 418 4144 idd.
433 4107 458 4144 nt
479 4099 601 4154 lateret,
623 4101 647 4146 C.
669 4115 691 4144 ιι.
712 4101 735 4146 S.
767 4105 815 4145 ubl.
831 4101 989 4154 scatebras,
1005 4101 1028 4142 ἃ
1060 4103 1107 4146 *lel-
1125 4102 1221 4145 alione
1238 4107 1295 4158 jau
1316 4105 1386 4148 lon

430 4172 501 4214 alelen
514 4171 560 4227 bl.;
575 4173 597 4212 iu
613 4172 638 4216 P.
654 4173 683 4214 lat
698 4170 738 4211 das
749 4173 770 4214 2.
786 4169 849 4213 lore
863 4170 1069 4226 dunhgeetrleben;
1084 4173 1255 4222 currentiam
1267 4175 1346 4228 eteius,
1361 4177 1386 4220 c.

425 4251 448 4282 u.
462 4240 486 4285 S.
500 4241 572 4297 vergi.
586 4239 633 4286 3η.
660 4241 707 4286 259.
721 4238 925 4295 expassisque
950 4239 974 4281 C.
989 4251 1012 4284 u.
1026 4237 1049 4282 S·

284 4608 509 4858 nl
650 4568 1091 4858 fil
