3122 4894
787 489 1025 562 -274-

785 670 1028 732 Hadrianus.

392 776 528 853 Memini,
551 776 606 836 sed
628 775 742 857 profer,
767 775 794 835 si
815 775 888 854 quid
911 775 990 835 scias
1012 773 1093 836 novi.

789 878 1026 940 Antiochus,

391 982 552 1054 Quaedam
582 982 704 1042 advena
733 983 843 1042 mulier
874 982 953 1041 hanc
985 983 1093 1042 urbem
1121 977 1290 1059 Romame)
1321 1000 1422 1060 nuper

395 1087 529 1163 intravit,
554 1087 696 1148 comitata
717 1085 834 1167 proprii
855 1085 957 1146 foetus
979 1085 1107 1166 pusiolis
1129 1084 1236 1145 trihus.

790 1188 1032 1250 Hadrianus.
1082 1237 1085 1244 .
1146 1235 1150 1244 .

394 1292 490 1376 Cujus
513 1315 609 1356 sexus
632 1295 705 1354 sunt
726 1292 865 1374 pusioli?

794 1395 1022 1458 Antiochus,

396 1484 511 1547 Omnes
533 1482 667 1545 feminei.

790 1567 1050 1647 Hadrianus.¹

391 1675 548 1755 Numquid
570 1673 759 1735 tantillarum
781 1672 934 1732 adventus
956 1651 1207 1734 muliercularum
1236 1668 1353 1754 aliquid
1374 1668 1420 1728 rei

392 1779 534 1860 publicae
556 1777 711 1838 adducere
734 1775 849 1857 poterit
872 1774 1114 1836 detrimentum?

792 1895 1024 1956 Antiochus.

393 1984 610 2063 Permagnum.

485 2113 497 2142 ι,
790 2067 1032 2132 Hadrianus.
1052 2145 1055 2154 ¹

395 2153 508 2226 Quod?

718 2267 721 2272 ·
792 2211 1027 2303 Antiochus.

396 2327 485 2390 Pacis
509 2319 671 2389 defectum.
701 2347 703 2354 ’

584 2466 588 2477 .
731 2469 733 2476 ,
783 2411 1032 2474 Hadrianus.

397 2500 467 2580 Quo
489 2502 605 2583 pacto?

795 2585 1030 2647 Antiochus.
1100 2583 1104 2592 “

396 2707 439 2768 Et
463 2708 544 2788 quod
566 2708 666 2788 majus
678 2707 704 2787 ⁹)
727 2709 829 2787 potest
850 2725 995 2788 rumpere
1018 2705 1116 2768 civilis
1128 2705 1322 2768 concordiam
1333 2705 1426 2788 pacis,

398 2829 490 2892 quam
513 2809 702 2874 dissonantia
724 2811 973 2872 observationis?

415 2971 418 2980 .
461 2969 465 2980 ,
792 2913 850 2974 Ha
863 2914 1036 2975 drianus

399 3017 485 3078 Nihil
507 3017 644 3097 gravius,
667 3017 744 3078 nihil
765 3016 911 3090 deterius,
934 3017 1016 3096 quod
1039 3018 1170 3078 testatur
1182 3017 1263 3078 orbis
1274 3033 1429 3092 romanus,

400 3121 452 3201 qui
474 3121 701 3201 undiquesecus
725 3120 910 3180 christianae
933 3121 1036 3182 caedis
1059 3122 1150 3183 sorde
1173 3123 1221 3181 est
1241 3120 1386 3182 infectus.
1439 3183 1447 3196 ,

790 3222 1030 3287 Antiochus.

399 3323 538 3406 Aream)
560 3325 656 3404 igitur
676 3326 804 3402 femina,
835 3327 930 3407 cujus
951 3328 1137 3388 mentionem
1159 3327 1254 3403 facio,
1285 3327 1426 3389 hortatur

399 3431 554 3490 nostrates
576 3430 675 3491 avitos
696 3431 774 3491 ritus
797 3430 943 3491 deserere
967 3434 999 3492 et
1020 3431 1206 3492 christianae
1228 3413 1374 3511 religioni
1395 3449 1428 3491 se

357 3603 362 3615 Ι
400 3531 523 3598 dedere.

792 3619 1035 3684 Hadrianus.

381 3721 482 3782 'Num
504 3722 667 3803 praevalet
688 3724 939 3784 hortamentum?

801 3827 1034 3889 Antiochus.

400 3927 550 4007 Nimium
579 3948 652 3996 uam
679 3932 805 3992 nostras
819 3930 857 4011 ¹¹)
887 3932 1036 4012 conjuges
1064 3931 1251 3995 fastidiendo
1279 3951 1337 3996 nos
1360 3951 1430 3998 con-

402 4187 405 4196 Δ
427 4131 452 4186 Β)
468 4129 585 4184 Romam,
606 4129 663 4172 rehu
683 4131 705 4172 in
726 4130 749 4174 C.
769 4144 790 4174 u.
810 4130 833 4174 S.
860 4135 884 4188 9)
902 4134 970 4188 quid
992 4135 1097 4189 monta,
1118 4133 1192 4190 C·‚.S.
1207 4151 1230 4184 u.
1245 4137 1291 4192 Μι.
1322 4139 1429 4194 inlice

467 4201 637 4255 igitnrtcminn,
650 4200 682 4242 Μ.
696 4214 718 4244 u.
734 4201 758 4242 P.
789 4203 1060 4258 11]nostri‚c.u.S·
1149 4238 1152 4252 .
