3134 4896
783 503 998 572 ...24-

421 703 424 714 ·
454 675 561 760 „Non
583 701 681 765 parvo
703 703 771 745 cum
793 685 836 746 sie
855 683 957 764 junior
978 684 1012 745 tu
1032 683 1169 762 tempora
1190 679 1321 742 uobis?“

473 786 562 858 Quae
582 787 665 862 tuuc,
687 788 722 849 ut
743 805 872 869 semper,
894 787 973 848 bene
994 785 1138 846 sustinuit
1158 783 1321 865 patienter,

386 885 457 952 510.
468 889 556 952 Talia
577 909 635 950 nec
655 892 751 952 verbo
769 891 833 971 jam
854 889 1083 952 contradixerat
1102 888 1174 949 ullo.

513 993 629 1056 Astaus
651 993 706 1054 sed
728 993 816 1055 citius
838 996 941 1055 custos
962 1012 1082 1074 semper
1103 991 1161 1054 sibi
1181 991 1269 1066 fidus,

471 1098 612 1177 Angelus
628 1097 786 1176 astrigera·
802 1097 947 1178 dilapsus,
970 1097 1056 1172 dixit,
1078 1097 1116 1158 ab
1138 1095 1223 1156 aula:

474 1201 561 1279 „Non
582 1206 623 1278 te,
642 1202 751 1283 Virgo,
773 1220 858 1280 rogo,
880 1202 1062 1281 perturbent
1082 1199 1155 1263 talia
1175 1200 1280 1273 verba,

470 1305 573 1382 „Istae
594 1308 736 1388 percerte
758 1305 829 1386 quia
849 1306 955 1365 uatum
975 1324 1059 1367 more
1079 1305 1210 1377 locutae,

386 1405 559 1486 515.,‚Jam
579 1428 667 1486 nunc
682 1427 835 1491 praesaga
856 1406 998 1470 dicebant
1018 1426 1096 1470 roca
1119 1407 1230 1479 futura,

470 1511 537 1588 „Tu
553 1512 623 1591 quia
643 1513 708 1573 sola
727 1514 871 1594 potenter
893 1512 954 1572 eris
974 1510 1083 1590 regina
1104 1508 1250 1591 parennis

470 1615 615 1692 „Necnon
638 1615 789 1695 stelligeri
811 1615 995 1677 dominatrix
1015 1615 1130 1695 inclyta
1152 1613 1255 1674 coeli.“

512 1719 587 1781 Post
607 1720 684 1780 haec
706 1723 826 1782 secreta
846 1719 974 1780 sedebat
992 1717 1023 1780 iu
1045 1717 1122 1779 aede
1144 1716 1256 1797 quieta,

470 1822 647 1902 Purpureos
669 1822 772 1903 digitis
794 1824 861 1885 filos
882 1841 1012 1904 operans
1033 1821 1211 1884 benedictis.

385 1922 608 2006 520.Ange1us
630 1929 662 1988 et
683 1945 817 1988 summus
839 1924 986 1988 Gabrihel
1010 1925 1222 2006 conspectibus
1244 1924 1310 2005 ojus

470 2029 585 2103 Astitit,
606 2029 758 2109 astrigera
779 2030 933 2092 coelorum
952 2030 1058 2111 lapsus
1081 2030 1119 2089 ab
1142 2027 1221 2102 aula,

470 2132 713 2212 Virgineumque
734 2133 829 2194 decus
849 2133 954 2194 verbis
976 2131 1085 2194 affatur
1107 2130 1218 2205 amicis,

470 2235 567 2298 Juxta
588 2238 773 2310 cunctorum,
795 2255 933 2309 narrans,
957 2236 1079 2298 oracula
1097 2238 1202 2296 vatum

471 2338 574 2421 Ipsius
597 2357 614 2399 e
636 2342 720 2401 casto
741 2341 827 2402 nasci
848 2340 1005 2419 dignarier
1026 2339 1095 2400 alvo

385 2438 456 2505 525.
468 2442 635 2504 Altithroui
655 2443 773 2524 prolem
793 2445 905 2506 mundo
928 2444 1002 2506 satis
1024 2441 1232 2522 antiquiorem,

470 2546 673 2627 Virgineique
693 2547 814 2609 modum
834 2550 941 2630 partus
963 2549 1069 2608 narrat
1090 2544 1325 2607 memorandum.

451 2713 453 2718 ,
512 2649 597 2729 Ergo
619 2669 680 2711 uon
702 2652 815 2713 uostris
836 2651 914 2733 potis
937 2653 985 2712 ast
1006 2649 1154 2730 exponier
1177 2647 1252 2710 orsis

469 2753 579 2815 Nobile
601 2753 792 2833 colloquium,
813 2755 905 2833 longo
928 2773 1068 2814 sermone
1086 2755 1252 2833 peractum,

470 2855 608 2935 Virginis
630 2859 784 2932 aeternae,
807 2855 920 2920 Christi
940 2857 1046 2918 matris
1066 2857 1256 2930 benedictae,

384 2952 456 3021 530.
468 2958 579 3020 Partus
602 2962 634 3021 et
654 2960 732 3021 tanti
753 2979 842 3022 sacra
862 2959 1016 3022 narrantis
1038 2960 1248 3042 paranymphi.

470 3060 532 3124 Sed
553 3081 611 3124 nac
633 3062 792 3145 dactylicis
815 3085 890 3147 opus
913 3069 960 3128 est
981 3087 1037 3129 nos
1058 3065 1191 3148 psallere
1214 3062 1335 3124 chordis

467 3163 616 3246 Magnum
636 3185 806 3229 moerorem
828 3169 943 3251 Joseph
965 3171 1133 3250 durumque
1156 3169 1300 3240 dolorem,

468 3268 599 3331 Frustra
620 3271 804 3333 cordetenus
826 3294 885 3354 quo
902 3265 969 3354 'jam
989 3275 1092 3336 fuerat
1111 3272 1274 3345 cruciatus,

468 3374 574 3443 Talem
596 3376 667 3439 dum
689 3377 848 3456 gravidam
870 3378 1018 3440 sensisset
1038 3378 1118 3441 forte
1139 3376 1280 3460 puellam.
1314 3421 1316 3426 .

383 3472 454 3540 535.
472 3477 613 3549 Qualiter
634 3482 666 3542 et
685 3481 783 3544 tristis
805 3483 921 3545 solatur
942 3486 1080 3566 tempore
1101 3481 1208 3553 noctis,
1304 3535 1309 3562 ,

468 3580 607 3662 Virginis
628 3584 771 3659 intactae,
790 3586 905 3666 jussus,
927 3606 1032 3649 curam
1052 3585 1196 3658 retinere,

467 3684 606 3766 Virginis
628 3691 660 3749 et
681 3689 755 3765 uati,
777 3691 864 3751 nobis
887 3691 926 3752 ds
948 3691 1048 3751 sidere
1069 3688 1162 3749 missi.

466 3788 555 3851 Haec
577 3792 749 3872 evangelici
771 3793 981 3854 demonstrant
1003 3794 1113 3854 cuncta
1133 3790 1238 3864 libelli,
1283 3822 1296 3844 .

466 3892 596 3955 Nostrae
619 3895 651 3956 at
671 3895 799 3974 fragiles
822 3895 977 3959 excedunt
998 3895 1129 3978 denique
1151 3894 1243 3956 vires.

295 4095 297 4099 ’
394 4081 442 4123 515.
457 4091 566 4133 perregn,
579 4079 609 4123 Μ.
624 4091 646 4120 ιι.
666 4079 690 4120 Ρ.
709 4081 756 4123 ⁵18.
771 4079 902 4130 sedebat,
919 4095 991 4136 urspr.
1005 4084 1027 4124 lu
1040 4084 1084 4138 bt,
1098 4085 1156 4126 daun
1171 4097 1213 4127 ron
1228 4090 1327 4140 apicem
1341 4087 1405 4130 llund

387 4166 390 4173 ·
473 4149 793 4203 corrigo-tiorestdebsr;
810 4150 981 4208 addabarim
998 4152 1233 4208 irascebatur.
1251 4153 1274 4200 S.
1291 4157 1405 4202 bravio

476 4219 591 4275 glesum
606 4218 680 4276 desua,
696 4218 720 4266 c.
737 4231 758 4262 u.
772 4216 795 4262 S.
