3144 4888
758 453 803 462 -
838 394 910 482 '184
951 452 996 465 -

769 589 985 652 Sisinnius

366 693 519 760 Hiram
540 695 712 769 reservate,
735 699 767 756 et
789 694 925 774 reliques
947 694 1117 774 producite.

368 855 372 862 .
547 856 550 862 .
794 797 961 858 Milites.
1045 859 1048 864 ,

364 880 428 946 Cur
448 901 543 944 unem
564 883 706 964 exeipis?
733 913 736 920 ⁴

772 967 980 1030 Sisinnius
1016 1035 1019 1040 ,

364 1072 501 1135 Paroens
523 1072 681 1134 infantiae.
713 1073 809 1134 Forte
832 1073 952 1134 facilius
975 1076 1184 1151 convertetur,
1207 1073 1234 1135 si
1256 1096 1398 1140 sororum

364 1176 541 1258 praesentia
561 1195 624 1238 non
645 1171 821 1238 terrebitur.

793 1279 960 1340 Milites.

366 1382 426 1446 Ite.
447 1381 632 1445 -Preesto
654 1385 735 1458 sunt,
759 1381 887 1464 quaest)
906 1383 1034 1464 jussisti.

775 1485 984 1548 Sisinnius.

363 1589 517 1652 Praebete
539 1608 709 1666 assensum,
731 1589 914 1672 Agapesw)
938 1594 969 1652 et
991 1589 1126 1667 chionia,
1148 1591 1224 1654 meis
1243 1593 1396 1657 consiliis!

659 1762 661 1768 ,
803 1693 948 1776 Agepe.

365 1779 398 1843 Si
420 1780 658 1864 praebebimus?

759 1866 975 1928 Sisinnius.

363 1953 459 2014 Ferte
481 1952 625 2013 libamine
648 1953 722 2016 diis!

384 2033 388 2041 ’
804 2036 1062 2121 Chionie.‘¹⁶⁸)

363 2140 448 2202 Vero
457 2139 716 2202 eteeternoPetri
724 2142 1109 2222 ejusqneooaeternob'ilio
1117 2147 1397 2224 sanctoqueembo·

363 2263 431 2305 rum
450 2243 604 2306 Paraolito
623 2245 806 2305 seorifieium
823 2245 925 2306 leudis
939 2247 1005 2308 sine
1021 2247 1246 2310 intermissione
1256 2250 1397 2312 libemus.

768 2345 979 2411 Sisinnius

363 2451 432 2515 Hoo
455 2451 542 2514 vobis
564 2472 626 2514 non
648 2453 773 2528 suadeo,
797 2453 906 2534 sed27)
929 2455 1037 2536 poenis
1057 2455 1213 2538 prohibeo.

775 2589 789 2620 a
807 2558 951 2638 Agape.

362 2633 433 2704 Non
454 2643 638 2725 prohibebis,
661 2663 720 2704 neo
742 2664 886 2725 umquam
908 2645 1145 2706 sacrificabimus
1167 2645 1343 2708 daemoniis.

772 2747 985 2808 Sis'innius.

362 2831 515 2912 Deponite
546 2831 688 2894 duritiam
721 2833 822 2894 cordis
853 2837 884 2895 et
917 2834 1096 2894 sacrificate.
1141 2833 1194 2894 Sin
1217 2837 1319 2896 autem
1340 2871 1393 2908 -‚

363 2936 473 2996 feoiam
495 2957 551 2996 vos
581 2937 779 2998 interfectum
800 2936 838 2998 iri
857 2939 949 3017 juxte
970 2941 1171 3018 praeceptum
1199 2938 1393 3018 imperatoris

362 3038 552 3099 Diocletiani.

793 3121 967 3186 chionia.

361 3226 469 3301 Deest,
487 3227 567 3292 utin
582 3227 680 3288 nostri
690 3245 799 3288 neoem
814 3229 1008 3310 obtemperes
1020 3228 1115 3310 jussis
1127 3230 1172 3291 tui
1186 3230 1391 3312 imperatoris,

362 3329 450 3408 eujus
462 3347 518 3390 nos
534 3329 660 3392 decreto
679 3333 897 3414 contempnere
919 3336 1037 3411 noscis,
1060 3334 1086 3394 si
1110 3337 1213 3396 autem
1234 3336 1390 3416 paroendo

360 3451 478 3494 morem
491 3433 536 3514 αδ)
557 3435 679 3512 feceris,
703 3456 834 3518 aequum
856 3440 911 3513 est,
935 3441 969 3500 ut
992 3442 1025 3500 tu
1047 3439 1250 3500 interficiaris.

771 3541 791 3602 S
800 3543 808 3602 i
818 3543 877 3602 sin
886 3563 906 3601 n
914 3542 924 3601 i
932 3563 953 3604 u
962 3563 984 3602 s.

360 3621 430 3684 Non
451 3624 592 3700 tardetis,
621 3628 743 3703 milites,
772 3649 833 3688 non
855 3629 995 3703 tardetis,
1022 3629 1173 3711 eapitew)
1196 3628 1390 3711 blasphemas

360 3725 417 3786 hos
440 3729 471 3788 et
493 3727 524 3787 in
545 3729 651 3807 ignem
672 3731 800 3812 proicite
823 3731 927 3792 vives!

385 3929 520 3982 itiones,
534 3927 564 3969 Μ.
586 3929 736 3984 26)Αςιιρο,
752 3933 797 3986 big.
818 3932 911 3986 romu.
927 3931 1040 3984 (Hirrnn'j,
1056 3932 1085 3972 Μ.
1097 3945 1118 3976 ιι.
1131 3933 1154 3975 Ρ,
1171 3935 1208 3986 27)
1224 3932 1254 3974 So
1275 3934 1314 3987 M„
1329 3936 1389 3978 nieht

437 3998 479 4037 wie
498 3995 543 4050 Mg.
563 4002 621 4051 negt.
645 3999 677 4040 si.
705 4001 861 4054 ’18)ιιιοιειιι
878 4002 969 4054 t'rcoris,
990 4001 1014 4044 C.
1036 4015 1058 4044 ιι,
1081 4001 1103 4042 S.
1131 4003 1168 4044 29]
1185 4004 1291 4055 copiti,
1309 4005 1338 4046 M.
1354 4017 1388 4045 ιιι·-

438 4065 574 4120 spritngiich,
599 4067 657 4112 donn
678 4071 780 4122 corriget
799 4072 820 4110 in
844 4083 958 4125 capere,
980 4071 1011 4127 1²,
1029 4071 1060 4124 C,
1076 4070 1098 4111 S.
1115 4084 1136 4111 u.
1152 4071 1195 4127 mg.
1217 4071 1287 4128 vergi.
1304 4072 1327 4113 S.
1343 4075 1387 4126 186,

436 4133 498 4178 zise
512 4135 525 4180 8
541 4147 562 4176 v.
577 4139 625 4186 unt,
