3144 4888
589 507 826 574 -165-

555 680 858 747 Constantinus.

187 771 229 835 Ut
250 771 348 854 hbet.

574 852 832 916 Gallicanus
869 894 872 900 .

183 959 280 1032 Ecce,
313 960 409 1020 habes
437 957 704 1039 quadruplicatum
727 959 914 1038 exercitum,
946 958 1067 1024 Christo
1089 963 1216 1026 favente

185 1066 217 1124 et
238 1083 287 1124 me
309 1063 477 1123 laborante.
521 1061 644 1136 Patere,
658 1061 698 1142 ⁵²)
721 1064 755 1123 ut
777 1083 859 1123 nunc
881 1063 1008 1126 militem
1029 1057 1215 1148 imperatori,

187 1167 273 1248 cujus
290 1163 447 1246 juvamine
468 1163 537 1238 uici,
550 1163 590 1245 53)
608 1167 639 1225 et
656 1165 705 1224 oui
721 1165 827 1242 debeo,
840 1165 985 1248 quicquid
999 1167 1131 1230 feliciter
1142 1169 1216 1231 vixi.

549 1265 845 1330 Constantinus,
926 1264 929 1272 ’

182 1371 290 1453 Ipsum
313 1372 403 1433 decet
429 1370 497 1431 laus
520 1374 552 1432 et
569 1371 726 1450 jubilatio,
754 1372 813 1453 ipsi
836 1372 928 1434 debet
950 1372 1093 1436 famulari
1115 1375 1212 1437 omnis

183 1478 334 1536 creatura.

578 1556 823 1622 Gallicanus.

183 1663 246 1726 Sed
267 1663 312 1723 illi
332 1663 537 1745 potissimum,
569 1663 636 1744 quis
664 1663 694 1724 in
723 1664 909 1727 necessitate
930 1665 1050 1746 largius
1071 1669 1212 1750 praestat

181 1767 338 1828 auxilium.

552 1849 834 1917 contantinus.

182 1957 227 2022 Ut
249 1956 371 2018 asseris.

539 2081 541 2088 -
568 2038 819 2104 Gallicanus.

178 2148 305 2209 Partem
326 2144 539 2228 possessionis,
557 2162 635 2226 quae
658 2146 698 2206 ad
719 2146 798 2208 filias
820 2147 964 2228 pertinet,
988 2146 1116 2230 excipio,
1139 2168 1210 2232 par·

178 2253 302 2329 temque
325 2249 365 2310 ad
396 2249 623 2329 susceptionem
653 2250 888 2330 peregrinorum
909 2251 983 2312 mihi
1004 2271 1149 2330 reserv03
1172 2235 1211 2312 <le

178 2355 297 2433 reliquo
310 2351 349 2433 ⁵⁴)
378 2351 518 2432 proprios
540 2370 657 2425 servos,
687 2353 832 2412 libertate
855 2353 994 2431 donatos,
1023 2354 1114 2416 ditari
1135 2373 1210 2436 pau-

179 2475 349 2538 perumque
373 2455 575 2515 necessitates
596 2455 667 2515 uolo
691 2455 866 2516 sustentari.

540 2556 843 2619 Constantinus.

182 2663 358 2725 Prudenter
392 2679 538 2744 possessa
567 2660 712 2741 disponis,
745 2680 803 2722 nec
837 2679 951 2742 expers
980 2661 1037 2722 fies
1066 2664 1212 2728 aeternae

179 2765 398 2828 retributionis.
1106 2761 1110 2768 '

572 2865 824 2930 Gallicanus.
843 2885 845 2890 ¹
1185 2919 1188 2928 ,

178 2973 232 3036 Me
254 2974 354 3055 ipsum
376 2973 469 3034 etiam
491 2974 596 3034 sancto
614 2972 682 3034 uiro
693 2943 866 3047 Hilariano,
884 2971 916 3032 in
935 2973 1012 3033 urbe
1025 2969 1161 3034 Ostiensi
1171 2972 1211 3054 ⁵⁵)

178 3078 371 3140 individuum
392 3077 527 3137 sodalem
550 3077 644 3137 ardeo
668 3076 851 3138 associatum
875 3075 921 3151 iri,
945 3095 1005 3155 quo
1026 3075 1141 3138 ibidem
1161 3097 1210 3137 re·

178 3182 298 3262 liquum
312 3180 395 3242 vitae
413 3180 445 3240 in
456 3180 515 3241 Dei
534 3180 625 3241 laude
644 3197 876 3260 pauperumque
887 3197 996 3242 vacem
1007 3180 1211 3261 susceptione,

546 3280 847 3344 Constantinus.

181 3387 321 3469 Simplex
342 3387 431 3463 Esse,
455 3386 503 3447 cui
527 3406 649 3466 semper
679 3387 727 3445 est
747 3404 848 3465 posse,
879 3385 959 3446 sinat
980 3385 1025 3447 tui
1048 3407 1117 3448 esse
1138 3408 1210 3469 pro·

180 3492 279 3573 speris
303 3491 547 3552 successionibus
565 3491 658 3570 juxta
680 3488 728 3548 sui
749 3488 832 3548 velle
855 3487 973 3566 vigere,
1008 3491 1040 3549 et
1060 3491 1212 3570 perducat

180 3598 212 3656 te
235 3596 275 3655 ad
297 3594 411 3674 gaudia
434 3592 634 3666 aeternitatis,
658 3591 709 3670 qui
730 3588 843 3670 regnat
865 3594 896 3652 et
919 3590 1069 3670 gloriatur
1089 3592 1120 3651 in
1142 3593 1210 3653 uni·

178 3701 243 3760 tate
267 3697 433 3758 Trinitatis.
1166 3681 1169 3694 ⁸

570 3796 819 3860 Gallicanus.

179 3887 288 3949 Amen.

205 4091 244 4143 ΞΩ)
259 4087 338 4130 Patere
354 4101 388 4129 ure
403 4100 461 4130 rinno
477 4088 583 4140 militem,
600 4086 623 4128 C.
631 4100 653 4128 u.
661 4085 684 4127 S.
711 4087 749 4140 53)
765 4086 831 4136 cuijus
842 4087 958 4136 juvamine
971 4096 1045 4128 nunc
1059 4086 1109 4137 vici,
1123 4083 1210 4130 c.u.S.

205 4157 408 4213 oljrrelinquo,
432 4158 462 4200 Μ.
485 4170 506 4198 u.
524 4158 548 4198 P.
576 4158 614 4209 bb)
632 4155 762 4209 ostensi,
778 4156 808 4196 M.
838 4169 859 4198 u.
877 4157 919 4211 P.;
937 4155 1106 4212 ostendi,c.
1127 4167 1148 4200 u.
1171 4154 1209 4210 S.;

259 4226 405 4278 Ostiensi,
425 4227 485 4284 ng.;
501 4239 519 4270 s.
536 4227 583 4268 Act.
601 4226 751 4270 Scortumn
766 4229 818 4268 tom.
833 4225 865 4282 V,
882 4238 906 4281 p.
918 4227 952 4272 38.
971 4257 974 4265 .
