3134 4896
587 501 802 576 *294

271 687 362 760 Quod
384 690 458 749 tunc
478 689 621 768 percerte
641 685 771 748 Romam
791 685 954 746 mandatur
975 683 1060 748 adire

184 790 256 855 670
268 792 346 866 Quo,
369 792 426 853 sibi
448 791 612 864 subtracto,
634 789 713 869 legis
734 789 927 850 mandamina
949 791 1058 850 cuneta

273 895 400 956 Plenius
421 895 453 954 iu
473 895 545 954 nato
568 893 794 973 complerentur
816 892 875 952 oito
898 889 1026 953 Christo.

272 998 412 1078 Namque
434 1000 543 1077 quater
565 997 662 1067 denis,
685 1015 777 1056 cursu
798 995 939 1069 ducente,
962 996 1096 1076 peractis

273 1101 414 1180 Virginei
435 1103 543 1182 partus
566 1099 709 1177 digestim
729 1098 789 1158 rite
811 1098 926 1172 diebus,

271 1203 331 1264 Ilio
352 1205 450 1264 lactor
471 1202 613 1263 membris
635 1202 789 1263 coelorum
810 1219 941 1281 namque
964 1202 1109 1262 tennellis

186 1305 259 1369 675.
272 1306 395 1368 Sistitur
415 1307 446 1366 in
467 1306 591 1386 proprio
613 1323 708 1385 parvo
732 1322 800 1365 cum
821 1323 948 1364 munere
969 1305 1093 1386 templo,

272 1409 360 1472 Ulnis
383 1416 533 1489 exceptus
555 1407 693 1469 tremulis
712 1407 788 1486 justi
810 1405 968 1483 Simeonis,

273 1511 314 1574 Et
330 1513 440 1594 ‚mundi
461 1511 607 1572 Dominus
630 1509 789 1588 condignis
811 1511 1060 1573 estbenedictus

273 1614 357 1690 Odis,
381 1635 422 1675 ex
443 1616 508 1694 ipso
528 1615 611 1694 justo
634 1611 774 1673 Simeona
795 1616 919 1674 vetusto

272 1718 399 1779 Necnon
423 1719 539 1778 famosa
560 1715 720 1796 praesagis
742 1717 868 1778 vocibus
890 1716 988 1777 Anna.

190 1819 262 1884 680.
274 1820 331 1881 His
354 1839 473 1901 qnoque
496 1819 652 1899 completis
671 1819 763 1898 juxta
783 1819 976 1879 mandamina
996 1820 1085 1898 legis,

275 1924 326 1984 Ad
346 1925 478 2004 patriam
495 1922 636 1983 Bethlem
657 1921 816 1982 redierunt
838 1921 977 2011 protinus
999 1925 1114 1984 urbem.

317 2027 397 2088 Nam
418 2029 487 2106 post
508 2025 585 2085 haeo
605 2024 685 2086 binis
706 2025 879 2086 mansurnis
900 2044 999 2106 paene
1021 2027 1157 2107 repletis,

275 2129 381 2190 Hostis
403 2131 440 2190 ab
464 2128 555 2189 exilio
578 2128 706 2188 veniens
729 2147 896 2209 perversus
918 2148 1030 2204 amaro,

277 2232 367 2303 Quod
391 2232 500 2292 dixere
521 2232 612 2310 magi,
634 2232 779 2293 volvebat
799 2236 901 2293 mente
923 2221 1052 2308 dolenti,

194 2334 264 2399 685.
279 2336 319 2398 Se
341 2336 406 2397 nati
427 2336 548 2396 stellam
568 2335 652 2414 regis
674 2335 789 2396 vidisse
811 2337 960 2396 decoram.

278 2439 367 2500 Haeo
387 2439 537 2513 recolens,
559 2457 703 2518 proceres
725 2439 815 2517 regni
836 2439 990 2518 rogitabat
1010 2439 1134 2515 heriles,
1181 2513 1184 2518 1

274 2543 325 2605 An
347 2542 504 2603 redeundo
525 2541 609 2620 magi
629 2541 788 2604 venissent
808 2546 911 2603 mente
929 2542 1022 2617 fideli,
1077 2557 1079 2562 ·

280 2645 342 2707 Vel
364 2646 437 2726 quid
459 2645 591 2706 donato
613 2646 835 2706 demandarent
856 2645 913 2706 sibi
935 2643 1064 2708 Christo.

282 2748 343 2819 Qui
363 2768 436 2810 mox
457 2749 612 2830 responsis
633 2749 749 2830 pariter
770 2749 876 2809 dicunt
895 2750 973 2810 bene
995 2749 1099 2825 firmis,

191 2848 261 2914 690.
273 2850 313 2913 Se
334 2853 464 2927 nescire,
485 2852 568 2931 magi
589 2852 705 2913 fuerint
726 2851 752 2911 si
774 2852 854 2912 forte
875 2853 1003 2928 reversi,

276 2955 341 3017 Neo
365 2956 497 3035 quidde
520 2958 591 3016 nato
614 2975 686 3016 sese
708 2955 885 3034 perdiscere
907 2974 991 3036 rege.

320 3058 378 3120 His
400 3077 493 3139 super
515 3077 670 3132 accensus,
692 3077 751 3119 rex
771 3057 914 3120 Herodes
935 3059 1118 3122 furibundus

280 3161 417 3236 Mittens,
440 3161 573 3222 inientes
597 3160 693 3222 oooidi
714 3161 854 3241 protinus
876 3181 989 3238 omnes,

281 3264 342 3335 Qui
363 3268 436 3325 tuno
456 3263 596 3326 Bethleis
618 3265 749 3344 fuerant,
770 3266 938 3347 praecepit,
959 3267 990 3326 in
1012 3266 1081 3340 oris,

196 3365 320 3432 suase
343 3387 464 3448 semper
485 3367 598 3442 vivum,
621 3385 759 3448 sperans,
782 3369 966 3448 extinguere
988 3367 1142 3432 Christum

277 3471 381 3532 Posse.
405 3470 466 3532 Sed
487 3470 519 3530 in
541 3470 653 3531 somnis
675 3471 814 3545 monitus,
837 3470 953 3552 Joseph
975 3474 1170 3536 venerandus

278 3573 386 3654 Pergit
406 3574 438 3635 in
460 3573 639 3654 Aegyptum
657 3573 739 3635 vasti
760 3593 817 3654 per
839 3573 929 3634 devia
951 3593 1055 3636 secum

275 3677 438 3738 Deduccns
460 3676 554 3738 eremi
576 3675 683 3738 Jesum
704 3695 773 3738 cum
793 3679 890 3738 matra
912 3678 1068 3753 tenellum,

281 3781 361 3842 Novi
382 3781 539 3844 terrestris
562 3777 683 3842 Christo
706 3780 878 3842 dominante
899 3780 1024 3842 timoris.

196 3881 264 3963 700.
278 3884 365 3946 Talia
387 3887 444 3949 scd
466 3886 554 3948 solito
577 3885 651 3946 lecit
671 3885 786 3964 pictate
808 3901 950 3965 superna,

192 4025 371 4034 mu..-

218 4088 265 4133 6⁷⁰.
283 4100 313 4128 u
332 4089 458 4141 nuttructo,
481 4087 542 4132 (bu.
563 4087 586 4130 S.
612 4087 658 4132 sla.
675 4099 742 4130 eursu
757 4089 880 4142 dicente,
894 4087 925 4130 Μ.
938 4100 961 4134 u.
977 4088 1001 4131 P.
1034 4083 1081 4134 tit.
1101 4083 1218 4130 nentri
1247 4127 1258 4152 ι

284 4157 441 4210 seclorum,
460 4157 501 4212 bh,
515 4170 526 4198 ι
541 4158 615 4200 wurdt
628 4159 652 4199 ln
663 4157 703 4200 der
715 4158 828 4214 Malnnug,
842 4170 867 4205 aa
882 4157 963 4215 pehti-e
974 4169 1003 4201 ru
1021 4159 1128 4214 aelorum,
1143 4158 1222 4201 radlrt.

285 4227 399 4270 membri
415 4227 550 4281 celorum,
565 4227 591 4276 Ρ,
