3122 4894
766 467 1004 536 ..an-.-

373 645 519 727 adoptiva
541 645 612 721 filia,
635 664 653 706 o
674 663 762 706 meae
783 662 857 724 pars
879 643 1008 719 animae,
1026 643 1135 721 Maria,
1153 645 1337 724 agnoscisne
1359 665 1409 708 me

372 766 495 823 senem,
523 748 577 827 qui
605 749 638 810 te
668 749 798 827 paterno
819 746 958 828 more49)
980 749 1106 825 nutrivi,
1135 749 1241 829 quite
1264 750 1408 812 coelestis

373 852 459 930 regis
481 850 644 930 unigenito
667 850 876 932 desponsavi?
900 894 902 903 .

824 951 967 1014 ¹Maria.

371 1057 418 1134 Ei,
430 1056 519 1119 mihil
540 1055 641 1120 Pater
651 1057 682 1118 et
695 1055 845 1135 magister
859 1075 946 1118 mens
954 1056 1111 1119 Abraham
1128 1061 1184 1134 est,
1193 1058 1247 1140 qui
1258 1057 1410 1141 loquitur!

791 1158 995 1222 Abraham.

373 1263 457 1334 Quid
479 1261 608 1341 contigit
629 1261 693 1338 tibi,
714 1260 802 1322 filia?

822 1362 959 1429 Maria.

374 1449 489 1532 Gravis
510 1449 642 1512 miseria.

787 1534 994 1597 Abraham.
1028 1537 1030 1541 ’

375 1639 452 1716 Quis
475 1641 507 1701 te
530 1638 676 1720 decepit?
699 1636 778 1708 Quis
802 1642 832 1700 te
857 1640 1005 1702 seduxit?

822 1741 956 1804 Maria.

377 1845 438 1916 Qui
458 1845 667 1928 protoplastos
688 1845 866 1925 prostravit.

789 1945 996 2008 Abraham.

375 2049 436 2113 Ubi
458 2051 506 2111 est
528 2049 670 2128 angelica
693 2049 755 2124 illa,
779 2069 870 2129 quam
891 2050 923 2109 in
945 2050 1038 2110 terris
1062 2049 1168 2129 egisti,
1192 2049 1411 2112 conversatio?

826 2151 959 2213 Maria.

372 2238 507 2299 Prorsus
528 2236 659 2320 perdita.
787 2315 789 2319 Ι

785 2322 992 2384 Abraham.

371 2425 432 2490 Ubi
454 2430 502 2488 est
524 2427 713 2489 verecundia
742 2429 797 2488 tua
825 2427 1011 2506 virginalis?
1042 2426 1103 2490 Ubi
1134 2425 1321 2488 continentia
1355 2427 1409 2487 ad·

371 2529 546 2592 mirabilis?

817 2614 957 2676 Maria.
1036 2664 1040 2675 .

369 2701 511 2772 Evacuat
531 2749 538 2762 .

781 2785 991 2853 Abraham.

370 2889 472 2962 Quam
494 2888 677 2964 mercedem,
711 2887 771 2948 nisi
799 2889 972 2970 resipiscas,
1002 2909 1058 2969 pro
1077 2888 1274 2969 jejuniorum,
1295 2889 1406 2949 oratio-

368 3013 450 3068 num,
484 2991 662 3071 vigiliarum
684 2992 796 3052 sudore
819 2992 901 3051 ultra
923 2994 1012 3070 potes
1035 3010 1173 3071 sperare,
1204 3011 1286 3065 cum,
1317 2992 1408 3052 velut

369 3097 457 3177 lapsa
479 3097 517 3155 ab
540 3093 701 3154 altitudine
717 3093 803 3168 coeli,
821 3093 954 3152 dimersa
971 3113 1004 3154 es
1019 3094 1051 3154 in
1067 3095 1254 3176 profundum
1266 3095 1405 3156 inferni?

817 3194 954 3257 Maria.

362 3281 412 3344 Eh
440 3281 519 3341 heu!

688 3415 696 3450 ,
779 3367 990 3432 Abraham.

365 3471 470 3544 Quare
492 3489 541 3532 me
564 3470 758 3551 despexisti?
781 3472 886 3542 Quare
909 3473 1099 3534 deseruisti?
1123 3472 1228 3542 Quare
1251 3478 1404 3534 eventum

366 3578 439 3636 tuae
461 3573 641 3656 perditionis
663 3575 738 3634 mihi
758 3591 820 3636 non
841 3575 998 3649 indicasti,
1029 3596 1088 3656 quo
1112 3595 1171 3654 ego
1195 3595 1262 3635 cum
1285 3575 1399 3637 dilecto

363 3699 433 3744 meo
456 3677 594 3760 Ephrem
616 3677 741 3758 dignam
763 3697 819 3756 pro
843 3680 874 3737 te
895 3678 1114 3758 poenitentiam
1137 3680 1285 3758 agerem?

819 3777 954 3839 Maria,

362 3885 531 3964 Postquam
552 3883 640 3962 lapsa
660 3881 691 3940 in
713 3881 850 3961 peccatis
874 3881 984 3956 corrui,
1007 3885 1079 3943 tuae
1102 3884 1260 3944 sanctitati
1280 3884 1400 3966 polluta

362 3986 539 4069 proximare
561 4005 624 4046 non
645 3984 844 4066 praesumpsi.

364 4117 544 4134 dun—na*

389 4170 426 4225 49)
441 4175 537 4226 paterno
552 4179 659 4225 amore,
674 4170 707 4226 (1.,
720 4169 743 4212 S.
757 4181 779 4213 u.
793 4168 839 4233 Mg.

457 4664 827 4830 n
