3122 4894
565 500 616 582 1-
657 493 809 562 aaa-

623 669 760 732 Maria.

172 771 410 852 Aliquantulum
432 772 500 834 auri
521 772 715 856 vestiumque
737 773 895 855 possideam
917 772 1000 856 qued
1020 775 1074 836 tua
1096 775 1135 837 de
1157 775 1205 838 his

173 875 341 938 auctoritas
364 874 548 953 decreverit,
571 881 712 958 expecto.

527 993 531 1006 ·
586 978 791 1040 Abraham

174 1081 265 1152 Quae
297 1079 460 1161 adquisisti
471 1081 512 1163 ⁵⁸)
544 1081 718 1164 peccando,
751 1100 820 1143 cum
852 1080 927 1163 ipsis
960 1082 1097 1165 peccatis
1131 1085 1206 1148 sunt

176 1183 345 1247 abicienda.

621 1268 756 1332 Maria.

174 1372 281 1435 Rebar
310 1372 497 1454 pauperibus
529 1373 703 1453 eroganda,
738 1393 794 1436 seu
824 1371 920 1435 sacris
952 1393 1023 1436 esse
1055 1375 1205 1438 altaribus

181 1475 344 1539 offerenda.

586 1560 792 1624 Abraham.

175 1663 245 1726 Nou
268 1663 343 1726 satis
367 1663 558 1745 acceptabile
580 1683 692 1726 munus
703 1664 769 1726 Dec
788 1683 858 1726 essa
883 1665 1098 1748 conprobatur,
1121 1665 1204 1748 qued

178 1767 354 1840 criminibus
376 1766 558 1847 adquiritur.

626 1851 758 1914 Maria.

175 1956 270 2020 Nulla
292 1974 386 2037 super
407 1955 456 2018 his
478 1955 562 2018 ultra
584 1955 788 2018 sollicitudine
811 1954 934 2038 fatigar.

176 2092 299 2209 Midea
319 2145 452 2220 nitescit,
473 2059 842 2224 lucessitigiaalidanriius.

179 2334 281 2396 Tuum
303 2337 360 2408 est,
382 2335 472 2416 pater
494 2247 662 2408 amande,M
655 2267 763 2396 uatrpg.
772 2332 870 2395 instar
891 2332 963 2395 boni
973 2334 1106 2415 pastoris
1118 2353 1208 2416 prae·

177 2438 269 2498 cedas
290 2441 448 2518 repertam
470 2456 568 2511 ovem,
592 2445 624 2498 et
646 2456 714 2517 ego,
736 2437 863 2518 paribus
884 2437 1031 2500 incedens
1053 2435 1205 2518 uestigiis,

177 2542 350 2621 subsequor
371 2540 620 2623 praecedentem

591 2641 796 2703 Abraham.
868 2687 878 2693 .

176 2745 265 2808 Haut
297 2747 356 2824 itaq
389 2743 446 2806 sed
478 2764 538 2825 ego
571 2745 701 2826 pedibus
733 2745 892 2820 incedam,
924 2746 957 2807 te
992 2749 1096 2808 autem
1129 2764 1208 2825 equa

179 2868 395 2932 superponam,
417 2867 456 2909 ne
478 2848 597 2910 itineris
619 2847 771 2928 asperitas
794 2853 880 2910 secet
900 2850 1026 2909 teneras
1047 2848 1179 2930 plantas.

626 2948 763 3011 Maria.

179 3054 215 3131 Ο,
238 3074 329 3134 quem
351 3055 383 3115 te
403 3055 591 3116 memorem?
625 3053 726 3124 Quam
754 3053 809 3115 tibi
841 3053 1012 3134 gratiarum
1039 3053 1206 3135 impendam

177 3157 504 3239 recompensationem,
528 3157 581 3238 qui
601 3175 650 3216 me
672 3157 831 3236 indignam
842 3157 1038 3220 miseratione
1060 3176 1121 3218 non
1143 3163 1205 3218 ter·

179 3280 250 3322 rore
272 3260 371 3340 cogis,
400 3260 457 3321 sed
484 3259 550 3320 miti
579 3258 839 3322 condescensione
850 3259 890 3341 ω)
921 3260 961 3322 ad
989 3259 1209 3343 poenitentiam

181 3363 315 3425 hortaris
327 3364 343 3424 Ρ

593 3445 796 3529 Abraham.

179 3551 264 3616 Nihss
293 3551 376 3613 aliud
404 3554 476 3612 ate
505 3551 634 3632 expeto,
662 3549 723 3611 nisi
750 3552 787 3610 ut
813 3546 967 3628 reliquum
994 3547 1078 3610 vitae
1104 3548 1210 3611 inhae-

180 3656 277 3717 rendo
299 3654 424 3717 insistas
446 3653 506 3715 Dei
527 3654 681 3733 obsequio.

630 3754 765 3817 Maria.

181 3861 359 3944 Spontanea
379 3863 482 3923 mente
504 3860 696 3934 inhaeream,
717 3879 775 3940 prc
796 3857 914 3920 viribus
936 3856 1091 3933 insistam,
1121 3857 1162 3932 et,
1185 3856 1212 3918 si

180 3965 313 4027 facultas
337 3964 417 4026 desit
437 3983 538 4046 pesse,
560 3982 726 4044 numquam
747 3965 852 4026 tamen
875 3961 974 4026 deerit
995 3961 1086 4022 velle.

207 4133 491 4191 ffiJaequtaieti,Mg.
520 4131 703 4188 emisenam,
719 4132 751 4188 6.,
766 4131 789 4178 S.
805 4143 826 4176 a.
845 4130 903 4188 ΜΗ
927 4119 1074 4186 νεν51.”ῐι.1.
1095 4127 1211 4173 Mamm.

175 4233 195 4260 κ
261 4205 301 4262 ⁶0)
316 4203 616 4259 couderacnttcue,1t1‚
734 4209 737 4214 ·
867 4215 869 4220 .
