3080 4892
552 435 596 516 -'
639 463 703 533 eoa
747 503 791 516 .-

150 642 447 742 progressionis
473 648 659 737 quantum
685 664 799 716 meae
821 641 999 715 inscitiae
1030 639 1193 718 difficul.

155 761 248 832 tatis
285 757 498 848 obstiterit,
532 757 619 853 ipsa
655 755 849 851 conjicere
880 757 1068 852 potestis,
1097 761 1189 855 quia

152 876 252 947 haec
275 874 414 946 eadem
438 893 512 944 neo
534 873 645 966 prius
667 873 812 966 scripta
833 873 1013 966 repperi,
1038 895 1113 946 nec
1137 876 1189 948 ab

154 989 285 1083 aliquo
314 985 495 1082 digestim
513 997 542 1068 5)
570 987 888 1081 sufficienterque
919 985 1020 1058 dieta
1043 985 1189 1062 elicere

156 1104 274 1198 quivi,
300 1103 372 1175 sed
402 1103 525 1175 veluti
557 1103 591 1174 si
624 1103 762 1197 aliquis
785 1101 943 1174 nescius
970 1103 1093 1195 ignoti
1117 1126 1190 1198 per

154 1218 397 1290 latitudinem
419 1218 544 1290 saltus
565 1217 710 1298 esset⁶)
736 1218 874 1309 iturus,
890 1218 954 1290 ubi
980 1217 1105 1290 omnis
1130 1239 1192 1291 se·

141 1333 252 1404 mita
277 1333 396 1404 nivali
423 1331 617 1404 densitate
632 1330 832 1404 velaretur
850 1333 1028 1424 obducta,
1051 1333 1190 1428 hicque

160 1445 268 1521 nullo
302 1447 417 1538 duce,
457 1447 528 1518 sed
560 1446 644 1518 solo
673 1449 1068 1541 praemonstrantium
1093 1453 1190 1524 nutu

158 1563 359 1654 inductuS,
393 1583 495 1633 nunc
525 1582 597 1656 per
628 1562 742 1633 devia
774 1568 938 1654 erraret,
968 1583 1071 1635 nunc
1094 1563 1190 1635 recti

153 1677 352 1749 tramitem
397 1676 505 1748 callis
546 1675 745 1770 inprovise
790 1676 1028 1769 incurreret,
1064 1676 1188 1750 donec

155 1792 313 1864 tandem
341 1813 504 1862 emensa
527 1790 719 1862 arboreae
742 1789 951 1862 medietate
970 1791 1188 1886 spissitudi-

155 1907 237 1999 nis,
274 1907 401 1978 locum
445 1912 602 2001 optatae
645 1904 996 1998 comprehenderet
1035 1906 1188 2001 quietis,

156 2023 309 2116 illicque
342 2020 504 2115 gradum
534 2022 673 2114 figens,
708 2019 871 2090 ulterius
897 2022 1083 2114 progredi
1109 2045 1189 2094 non

156 2141 445 2232 praesumeret,
465 2158 588 2230 usque
606 2135 694 2206 dum
711 2135 775 2205 vel
792 2134 867 2205 alio
882 2137 1188 2228 superveniente

158 2251 427 2343 induceretur,
459 2251 524 2322 vel
548 2248 823 2344 praecedentis
852 2249 1021 2342 vestigia
1053 2252 1190 2324 subse-

157 2371 356 2461 queretur,
385 2409 425 2420 -
454 2365 595 2452 haut⁷)
625 2364 739 2436 aliter
773 2385 860 2456 ego,
895 2365 1186 2460 magnificarum

157 2480 420 2576 prolixitatem
462 2501 592 2550 rerum
629 2477 743 2571 jussa
781 2478 953 2573 ingredi,
997 2478 1187 2572 regalium

159 2585 453 2687 multiplicitate
471 2599 671 2687 gestorum
701 2593 874 2666 nutando
904 2599 944 2665 et
971 2593 1187 2666 vacillando

161 2709 382 2802 aegerrime
402 2709 627 2799 transcurri,
638 2713 668 2797 ⁸.)
690 2709 827 2802 hisque
845 2708 1049 2780 admodum
1068 2708 1189 2780 laces·

157 2823 245 2914 sita,
269 2823 503 2916 competenti
531 2822 569 2892 in
596 2822 682 2894 loco
706 2823 909 2916 pausando
935 2822 1089 2914 silesco,
1115 2845 1188 2894 nec

157 2937 375 3030 augustalis
406 2937 683 3031 proceritatem
716 2937 975 3010 excellentiae
1005 2937 1091 3008 sine
1122 2937 1188 3009 du·

156 3058 244 3123 catu
280 3073 435 3146 appono
476 3051 621 3128 subire.
680 3052 722 3122 Si
762 3053 864 3124 enim
899 3051 1187 3124 facundissimis

157 3166 521 3238 dissertissimorum
561 3168 785 3260 sententiis,
826 3189 924 3263 quas
964 3167 1028 3239 vel
1072 3167 1186 3239 modo

156 3281 322 3375 scriptas
356 3281 420 3352 vel
450 3279 601 3370 ociuslj
637 3281 684 3352 dc
712 3281 772 3352 his
798 3283 916 3354 rebus
945 3303 1024 3351 non
1056 3280 1186 3354 dubito

156 3395 243 3467 fore
270 3395 510 3486 scribendas,
532 3394 673 3466 fuerim
694 3394 876 3486 animata,
900 3393 1071 3466 fortasse
1094 3416 1189 3466 nan·

156 3511 337 3602 cisccrer,
363 3509 465 3581 unde
492 3509 568 3580 mei
588 3510 783 3582 rusticitas
799 3510 1000 3582 velaretur
1016 3507 1188 3603 aliquan-¹

155 3626 289 3720 tispcr.
339 3625 452 3696 Nunc
484 3629 614 3697 autem
648 3647 763 3698 omne
797 3626 899 3696 latus
924 3629 1033 3696 tanto
1058 3623 1185 3718 magis

199 3891 1186 4042 cmculcerecrocco

251 4000 352 4128 lit
375 4027 425 4144 r,
454 4000 817 4143 illicitans.
839 4026 869 4127 ᾗ.
892 3981 923 4127 l.
958 3999 998 4145 ἓ)
1019 4063 1054 4126 Ρ.
1076 3999 1187 4128 uli

241 4153 353 4218 ocius
375 4151 407 4213 in
429 4152 573 4234 potius.
