3134 4896
308 955 464 1051 Partibus
489 991 623 1051 occiduis
646 991 732 1051 fulsit
753 990 871 1051 clarum
892 989 986 1050 decus
1009 987 1099 1064 orhiS,

240 1093 322 1158 Urbs¹
343 1092 488 1172 Augusta
509 1111 599 1167 nova,
621 1091 731 1154 Martis
753 1093 876 1152 feritate
900 1092 1042 1172 superba,

241 1195 345 1266 Quam
367 1195 442 1256 satis
464 1193 597 1276 hispanii
620 1195 733 1256 cultam
757 1199 885 1256 tenuere
908 1193 1016 1268 coloni,

176 1297 225 1362 15.
242 1295 383 1360 Corduba
411 1298 528 1359 famoso
552 1298 690 1379 locuples
713 1299 751 1359 de
773 1298 895 1360 nomine
918 1298 1008 1371 dicta,

242 1401 365 1482 Inclyta
389 1401 515 1475 deliciis,
537 1403 630 1461 rebus
653 1421 773 1482 quoque
796 1401 957 1482 splendida
979 1381 1105 1474 cunctis,

239 1501 375 1564 Maxime
398 1503 534 1584 septenis
557 1503 689 1584 Sophiae
710 1505 830 1583 repleta
851 1504 975 1564 fluentis

241 1605 369 1668 Necnon
391 1607 550 1688 perpetuis
573 1625 695 1686 semper
716 1608 877 1688 praeclara
899 1604 1069 1689 triumphis,
1112 1623 1115 1628 ·

243 1705 324 1769 Olim
346 1727 424 1788 quae
448 1706 569 1769 Christo
592 1709 695 1768 fuerat
717 1708 795 1769 bene
818 1709 940 1768 subdita
958 1709 1052 1788 justo,

174 1807 225 1870 20.
246 1809 341 1870 Fudit
363 1814 394 1870 et
416 1810 534 1872 albatos
556 1811 685 1872 Domino
706 1811 890 1892 baptismale
911 1810 1009 1870 natos.

240 1911 358 1972 Bellica
380 1912 436 1972 sed
459 1912 557 1974 subito
580 1913 680 1974 virtus
702 1916 781 1974 bene
805 1912 925 1974 condita
943 1913 1016 1993 jura

238 2013 381 2088 Mutavit,
404 2034 511 2075 sacrae
534 2015 606 2077 fidei
627 2016 803 2097 spargendo
826 2013 953 2075 nefandi

240 2115 402 2194 Dogmatis
425 2137 570 2196 errorem,
593 2119 739 2200 populum
759 2117 911 2196 laesitque
934 2115 1063 2178 fidelem.

284 2219 407 2280 Perfida
430 2240 501 2281 nam
524 2219 748 2282 Saracenorum
769 2239 847 2299 gens
869 2217 1084 2280 indomitorum

176 2319 227 2382 25.
243 2319 336 2383 Urbis
358 2321 461 2384 Marte
482 2323 560 2404 petit
582 2323 674 2384 duros
696 2323 824 2403 hujusce
847 2323 979 2396 colonos,

237 2421 360 2504 Eripuit
377 2423 473 2503 ‘regni
496 2429 609 2486 sortem
631 2425 689 2487 sibi
709 2427 773 2487 vim
795 2444 916 2506 quoque
936 2423 1013 2485 clari

242 2524 447 2606 Extinxitque
471 2529 584 2588 bonum
605 2547 722 2607 regem,
743 2527 926 2609 baptismate
943 2526 1050 2599 lotum,

201 2635 203 2640 '
244 2627 304 2697 Qui
326 2629 446 2708 pridem
467 2631 576 2692 merito
598 2631 704 2710 gessit
717 2631 835 2709 regalia
858 2631 981 2711 sceptra

240 2729 281 2792 Et
306 2733 390 2790 cives
408 2732 502 2811 justis
525 2733 640 2794 domuit
662 2736 737 2814 quot
757 2736 896 2815 tempora
918 2731 1022 2794 frenis.

154 2829 224 2901 ,30.
241 2829 354 2894 Hostili
377 2833 459 2894 ferro
482 2838 566 2896 certe
589 2857 649 2916 quo
667 2829 733 2918 jam
754 2837 900 2917 superato

242 2934 289 2995 Ac
310 2935 428 3016 reliquo
450 2937 532 2998 victo
553 2941 639 2999 tanta
662 2939 700 2999 de
721 2939 816 3000 caede
837 2937 975 3020 popello,

235 3035 353 3098 Ductor
376 3040 553 3101 barbaricae
569 3043 681 3121 gentis,
703 3044 838 3103 structor
861 3058 983 3121 quoque
1002 3055 1126 3121 pugnae

239 3137 296 3199 Vir
319 3143 368 3200 sal
388 3161 565 3221 perversus,
588 3145 653 3206 uita
674 3144 797 3225 rituque
818 3144 975 3224 profanus,

243 3241 388 3306 Vindicat
410 3246 529 3327 imperii
551 3251 666 3308 sortem
688 3248 745 3308 sibi
769 3247 901 3326 denique
922 3243 1010 3320 tanti,

178 3341 228 3405 35.
243 3342 380 3408 Collocat
403 3351 434 3408 et
456 3350 556 3411 socios
579 3343 729 3430 populato
746 3369 819 3410 rure
840 3348 999 3422 nefandos,

242 3447 378 3529 implens
401 3458 590 3513 moerentem
611 3473 672 3513 non
694 3453 800 3533 paucis
821 3449 960 3512 hostibus
981 3449 1097 3520 urbem,

241 3548 354 3612 Polluit
378 3557 408 3614 ct
430 3559 570 3616 veterem
592 3551 689 3637 purae
710 3555 782 3615 fidei
804 3552 986 3632 genitricem

240 3651 408 3716 Barbarico
430 3657 501 3731 ritu,
525 3660 605 3737 quod
627 3677 698 3719 nam
717 3655 891 3717 miserabile
914 3651 1007 3724 dictu,

244 3753 388 3836 Paganos
406 3761 498 3838 justis
521 3761 758 3822 intermiscendo
777 3757 900 3832 colonis,

178 3853 229 3918 40.
248 3857 316 3929 Quo
339 3861 396 3921 sibi
419 3863 587 3924 suaderent
608 3865 724 3945 patrios
744 3861 915 3923 dissolvere
937 3875 1038 3920 mores

152 4007 360 4025 *ιι-,-

180 4094 412 4149 11,οεοίᾱιιι,Μ.
446 4098 475 4142 1⁵.
491 4099 656 4155 famosus.
675 4100 735 4148 Η.
770 4091 1073 4150 absumamur.
1099 4086 1182 4134 39.ΙΙ.

224 4165 464 4220 ίοιιιίιειᾱο,Μ.
953 4219 974 4284 5
