3144 4888
778 529 1016 600 -180-

814 695 978 772 Milites.

381 796 543 863 (ir-edibile.

792 884 820 944 D
829 885 867 944 ul
874 903 891 944 o
898 883 909 944 i
917 885 930 944 t
937 883 947 944 i
955 904 976 944 u
986 903 1009 942 s.

382 989 543 1051 Exaestuo
565 989 635 1050 illas
658 988 779 1060 admei
801 1006 936 1050 amorem
957 987 1090 1048 trahere.

814 1089 977 1152 Milites.

379 1147 564 1273 Diffidimus,
586 1197 618 1258 te
640 1194 832 1278 praevalere.

790 1295 1007 1358 Duloitius.

380 1385 511 1458 Quare?

812 1465 978 1528 Milites.

379 1574 462 1647 Quia
484 1573 610 1636 stabiles
633 1571 701 1634 fide.

785 1671 1000 1734 Duloitius.

380 1779 472 1856 Quid,
495 1779 521 1842 si
544 1779 691 1842 suadeam
712 1777 953 1840 blandimentis?

811 1879 980 1942 Milites.

380 1969 618 2068 ¹Contempnunt.
632 1987 669 2067 ¹³)
702 2007 707 2016 ’
980 1987 981 1992 ’
1031 1982 1034 1990 ’

786 2069 1006 2130 Duloitius.

381 2175 474 2250 Quid,
497 2175 523 2235 si
544 2177 679 2236 terream
702 2173 884 2256 suppliciis?
962 2171 964 2178 ‘

809 2275 976 2338 Milites.

376 2383 474 2446 Parvi
493 2383 642 2464 pendunt.
1106 2374 1109 2380 '

787 2467 999 2528 Duloitius.

375 2573 418 2635 Et
440 2574 515 2654 quid
536 2573 614 2635 fieta

808 2655 993 2736 Milites.¹

375 2745 568 2826 Praeoogita.

487 2829 490 2836 '
541 2826 544 2832 ’
588 2831 590 2838 ’
779 2825 995 2888 Dulcitius.
1064 2863 1066 2870 ι

376 2933 487 2996 Ponite
510 2933 579 2992 illas
601 2931 634 2991 iu
665 2930 842 3004 custodiam,
865 2931 897 2989 in
912 2931 1105 2992 interiorem
1127 2930 1266 2994 officinae
1289 2934 1407 3010 aedem,

304 3085 310 3094 .
374 3037 407 3098 in
430 3038 518 3118 eujus
540 3035 679 3117 proaulio
701 3034 910 3094 ministrorum
932 3031 1098 3094 servantur
1118 3051 1203 3097 vasa.

807 3135 976 3197 Milites.

377 3235 575 3322 Ut'quideo
597 3239 681 3301 looi?
764 3267 766 3274 ¹
1041 3253 1043 3260 ’

776 3343 995 3406 Dulcitius.

377 3446 448 3517 Quo
471 3465 490 3508 a
511 3466 560 3508 me
583 3447 779 3532 saepiuscule
801 3449 920 3530 possint
934 3447 961 3486 ¹⁴
994 3447 1122 3510 visitari.

807 3551 974 3613 Milites.
1051 3575 1054 3584 ·

372 3636 416 3702 Ut
434 3639 539 3721 jubes.

814 3737 968 3750 -σ--Δι

776 3826 997 3888 Dulcitius.

377 3929 462 4002 Quid
482 3931 580 4010 agant
592 3927 630 4011 ¹⁶)
654 3928 795 4011 captivae
818 3931 874 3992 sub
897 3929 955 4002 hoo
976 3930 1075 3994 nootis
1097 3933 1261 4015 temporo?
1355 3989 1358 3996 .

399 4183 651 4239 lamentantem,
665 4182 698 4239 c.,
713 4183 737 4230 S.
753 4197 776 4229 u.
788 4183 833 4239 lig.
847 4202 850 4210 ·
862 4185 900 4241 14)
914 4189 1002 4240 possint
1014 4187 1121 4241 vldarl,
1136 4187 1191 4234 aa.
1202 4187 1225 4232 S.
1255 4191 1293 4244 15)
1306 4189 1405 4241 agunt,

447 4253 480 4307 1³„
496 4253 520 4297 C.
535 4267 557 4299 u.
573 4252 596 4296 S.
612 4254 682 4320 veppl.
697 4253 720 4298 S.
738 4256 781 4300 181.
795 4253 853 4298 Quid
868 4260 996 4311 strepat...
1321 4262 1327 4282 ¹
