3134 4896
776 501 989 592 ....eo...¹

458 683 525 750 Nec
545 683 712 769 posthaec
733 684 775 748 ibi
797 685 938 748 coelestis
959 685 1015 746 lux
1037 682 1136 746 deluit
1156 681 1236 746 omni

460 789 618 871 Tempore,
641 809 700 870 quo
722 790 857 870 genitrix
878 790 940 850 illic
960 789 1072 850 mansit
1092 790 1171 849 bene
1192 787 1277 850 felix.

501 893 607 955 Noctis
629 895 811 974 tranquillae
832 893 932 954 medio
952 893 1111 954 libramine
1135 895 1218 954 oerte

377 992 448 1059 575.
460 996 528 1058 Illic
550 997 626 1057 haec
649 997 755 1058 eedem
777 997 884 1076 genuit
904 996 1087 1075 virguncula
1107 996 1225 1076 prolem

392 1091 395 1098 ’
460 1097 607 1162 Gaudens
629 1099 769 1174 divinam,
792 1100 908 1162 cunctis
931 1099 1041 1159 seculis
1062 1099 1279 1174 venerandam,

462 1201 519 1264 cui
538 1221 648 1265 nomen
670 1203 771 1277 lesus,
794 1203 842 1263 cui
864 1203 1001 1276 sitlans,
1024 1202 1130 1281 gloria,
1151 1201 1259 1274 virtue,

464 1305 592 1368 Solvere
615 1307 666 1386 qui
686 1309 827 1368 veterum
847 1306 975 1366 veniens
997 1305 1120 1367 oracula
1140 1307 1254 1380 vatum,

462 1408 502 1471 Sa
524 1429 580 1492 pro
602 1411 749 1473 salvando
770 1413 934 1472 venturum
955 1409 1094 1491 praescia
1114 1409 1236 1483 mundo,

378 1509 449 1575 580.
461 1511 574 1574 Pacem
595 1513 748 1574 coelicolis
768 1514 842 1576 feeit
863 1533 931 1574 cum
953 1513 1069 1574 civibus
1092 1512 1181 1573 orbis.

461 1615 561 1686 Quem
582 1616 719 1695 genitum
740 1635 827 1680 sacro
850 1619 952 1678 castae
976 1617 1014 1676 de
1035 1615 1166 1694 virginis
1187 1616 1257 1677 alvo

460 1718 604 1782 Protinus
627 1721 786 1800 angelicus
808 1721 984 1783 circumstat
1005 1719 1135 1799 denique
1158 1722 1272 1794 coetus,

462 1822 607 1883 Laudans
629 1823 785 1884 submissis
807 1825 954 1886 lectorem
972 1823 1098 1884 vocibus
1121 1823 1211 1898 orbis,

465 1923 565 1986 Orans
587 1931 619 1988 et
639 1946 768 2008 puerum
789 1928 876 1988 nobis
898 1927 936 1987 de
958 1926 1059 1988 sidere
1081 1926 1213 1987 missum.

373 2025 444 2092 585.
457 2027 518 2090 Sed
539 2032 637 2090 mater
659 2030 757 2092 subito
779 2031 896 2091 eunctis
917 2030 1103 2104 veneranda,
1125 2028 1235 2105 Maria,

461 2131 596 2194 Collocet
617 2136 747 2212 angusto
769 2135 912 2214 praesepi
933 2135 1067 2195 membra
1087 2133 1205 2194 tenella

459 2234 581 2312 Christi,
602 2236 772 2317 panniculis
793 2257 901 2316 regem
920 2235 1073 2298 volvendo
1095 2255 1269 2317 perennem

502 2341 543 2402 Et
564 2341 632 2422 pius
654 2341 772 2402 interea
795 2340 918 2422 Joseph,
941 2340 1100 2420 digressus
1122 2341 1160 2401 ab
1182 2339 1243 2414 illa,

462 2444 538 2506 Mox
560 2444 740 2506 obstetrices
761 2463 865 2506 seeum
886 2445 974 2506 duxit
994 2443 1147 2517 mulieres,

296 2619 300 2634 ,
374 2544 448 2611 590.
461 2549 548 2620 Quae
569 2547 692 2622 Zaleuci,
715 2547 835 2609 Salome
857 2548 981 2609 fuerant
1002 2547 1041 2608 de
1062 2547 1183 2608 nomina
1203 2547 1310 2610 dictae.

458 2651 530 2713 Sola
551 2651 607 2711 sed
627 2651 800 2730 ingreditur
821 2651 937 2713 Zelemi
959 2650 1140 2730 salomeque
1162 2653 1289 2712 veretur
1330 2655 1332 2658 ’

459 2753 602 2834 Tangere
625 2754 801 2836 speluncam
820 2756 950 2836 pedibus
972 2754 1135 2834 splendore
1156 2754 1313 2834 repletam

457 2855 534 2917 Mox
555 2875 674 2937 quoque
696 2856 869 2936 virgineum
890 2857 1004 2918 Zelemi
1031 2861 1167 2918 tractans
1193 2858 1244 2938 pie
1265 2860 1394 2939 partum,

459 2959 655 3034 Exclamare,
678 2961 765 3039 signi,
783 2961 869 3035 dixit,
890 2962 969 3021 bene
993 2959 1118 3020 credula
1140 2961 1231 3021 tanti:

378 3057 450 3124 595.
461 3062 564 3138 „Quid
586 3063 724 3124 sibinen
745 3065 859 3144 nuptae
880 3067 988 3145 partus
1008 3063 1076 3123 vult
1097 3063 1155 3123 iste
1176 3065 1340 3126 novellus?

458 3165 587 3242 „Editus
610 3183 681 3227 ecee
703 3186 780 3247 puer
801 3167 900 3246 regali
923 3165 1060 3246 germine
1082 3185 1182 3247 nuper

462 3267 628 3350 „Conjugls
651 3273 811 3351 expertem
831 3271 909 3330 bene
931 3269 1070 3331 declarat
1090 3271 1157 3332 fore
1178 3274 1314 3334 matrem.

458 3371 580 3451 „Atque
602 3390 714 3452 parens
736 3373 825 3452 virgo
845 3375 952 3434 natum
973 3375 1067 3436 lactat
1088 3375 1137 3456 pie
1160 3377 1233 3450 sola,

460 3474 631 3551 „Uberibus
653 3476 745 3538 castis
767 3477 806 3536 de
829 3478 912 3538 coelo
930 3479 1001 3559 jure
1023 3478 1158 3560 repletis.

372 3574 442 3640 600.
456 3578 543 3655 „Non
566 3577 652 3642 dolo'r
674 3583 723 3641 est
739 3579 838 3655 metri,
862 3599 919 3642 neo
942 3585 990 3642 est
1010 3582 1171 3644 maculatio
1192 3584 1287 3665 proli:

458 3681 593 3758 „Ordine
616 3683 718 3746 divino
740 3683 807 3744 fieri
829 3685 885 3746 sed
906 3685 980 3747 talia
1002 3686 1121 3746 credo.“

497 3785 716 3848 HancSalome
736 3806 844 3848 vocem
856 3807 1015 3868 sparnone,
1037 3805 1098 3849 non
1121 3788 1192 3850 fieta
1210 3791 1395 3871 loquentem,

457 3889 596 3963 Dixerat,
619 3889 730 3950 auditis
752 3908 822 3950 sese
844 3909 904 3952 non
927 3892 1054 3952 eredere
1076 3893 1189 3969 verbis,
1213 3925 1222 3934 ·

458 3992 498 4053 Ni
519 3993 629 4074 probet
649 3992 717 4072 ipsa
738 4010 857 4053 sacram
878 3994 979 4074 palma
1001 3997 1156 4076 tangendo
1178 3995 1316 4060 Mariam

258 4118 265 4130 =
375 4091 446 4156 605.
457 4095 538 4156 Hinc
559 4095 701 4176 ingressa
723 4115 808 4156 suam
831 4097 930 4178 coepit
950 4099 1137 4180 protendere
1160 4100 1309 4176 dextram,

461 4198 618 4262 Audacter
639 4201 754 4262 castam
775 4202 927 4282 temptans
949 4201 1076 4283 palpare
1096 4200 1234 4278 Mariam,
