<?xml version="1.0" encoding="UTF-8"?>
<!DOCTYPE html PUBLIC "-//W3C//DTD XHTML 1.0 Transitional//EN"
    "http://www.w3.org/TR/xhtml1/DTD/xhtml1-transitional.dtd">
<html xmlns="http://www.w3.org/1999/xhtml" xml:lang="en" lang="en">
 <head>
  <title>
</title>
<meta http-equiv="Content-Type" content="text/html;charset=utf-8" />
  <meta name='ocr-system' content='tesseract 3.04.00' />
  <meta name='ocr-capabilities' content='ocr_page ocr_carea ocr_par ocr_line ocrx_word'/>
</head>
<body>
  <div class='ocr_page' id='page_1' title='image "./diewerkederhrot00hrotgoog_0301.png"; bbox 0 0 3122 4894; ppageno 0'>
   <div class='ocr_carea' id='block_1_1' title="bbox 562 461 801 537">
    <p class='ocr_par' dir='ltr' id='par_1_1' title="bbox 562 461 801 537">
     <span class='ocr_line' id='line_1_1' title="bbox 562 461 801 537; baseline -0.008 0"><span class='ocrx_word' id='word_1_1' title='bbox 562 461 801 537; x_wconf 49' lang='lat'><strong>*223*</strong></span> 
     </span>
    </p>
   </div>
   <div class='ocr_carea' id='block_1_2' title="bbox 165 645 1196 1752">
    <p class='ocr_par' dir='ltr' id='par_1_2' title="bbox 165 645 1196 1752">
     <span class='ocr_line' id='line_1_2' title="bbox 563 645 797 726; baseline -0.017 -17"><span class='ocrx_word' id='word_1_2' title='bbox 563 645 797 726; x_wconf 73' lang='lat' dir='ltr'>Ephrem.2⁶)</span> 
     </span>
     <span class='ocr_line' id='line_1_3' title="bbox 166 747 661 831; baseline -0.002 -18"><span class='ocrx_word' id='word_1_3' title='bbox 166 751 208 813; x_wconf 87' lang='lat' dir='ltr'>Et</span> <span class='ocrx_word' id='word_1_4' title='bbox 231 751 312 831; x_wconf 88' lang='lat' dir='ltr'>quod</span> <span class='ocrx_word' id='word_1_5' title='bbox 333 753 408 811; x_wconf 90' lang='lat' dir='ltr'>tunc</span> <span class='ocrx_word' id='word_1_6' title='bbox 429 747 556 809; x_wconf 79' lang='lat' dir='ltr'>fecisti?</span> <span class='ocrx_word' id='word_1_7' title='bbox 659 805 661 812; x_wconf 81' lang='grc'>,</span> 
     </span>
     <span class='ocr_line' id='line_1_4' title="bbox 577 849 781 913; baseline -0.02 0"><span class='ocrx_word' id='word_1_8' title='bbox 577 849 781 913; x_wconf 84' lang='lat' dir='ltr'>Abraham.</span> 
     </span>
     <span class='ocr_line' id='line_1_5' title="bbox 165 951 1196 1034; baseline -0.005 -13"><span class='ocrx_word' id='word_1_9' title='bbox 165 958 226 1021; x_wconf 87' lang='lat' dir='ltr'>Ubi</span> <span class='ocrx_word' id='word_1_10' title='bbox 249 959 370 1030; x_wconf 83' lang='lat' dir='ltr'>abesse,</span> <span class='ocrx_word' id='word_1_11' title='bbox 394 973 485 1034; x_wconf 87' lang='lat' dir='ltr'>quam</span> <span class='ocrx_word' id='word_1_12' title='bbox 508 954 702 1033; x_wconf 82' lang='lat' dir='ltr'>quaerebam,</span> <span class='ocrx_word' id='word_1_13' title='bbox 725 951 930 1032; x_wconf 77' lang='lat' dir='ltr'><strong>deprehendi,</strong></span> <span class='ocrx_word' id='word_1_14' title='bbox 953 957 1075 1014; x_wconf 84' lang='lat' dir='ltr'>viscera</span> <span class='ocrx_word' id='word_1_15' title='bbox 1096 953 1196 1016; x_wconf 90' lang='lat' dir='ltr'>discu-</span> 
     </span>
     <span class='ocr_line' id='line_1_6' title="bbox 167 1058 1007 1136; baseline -0.007 -14"><span class='ocrx_word' id='word_1_16' title='bbox 167 1062 325 1122; x_wconf 87' lang='lat' dir='ltr'>tiebantur</span> <span class='ocrx_word' id='word_1_17' title='bbox 347 1059 465 1133; x_wconf 81' lang='lat' dir='ltr'>timore,</span> <span class='ocrx_word' id='word_1_18' title='bbox 487 1058 624 1119; x_wconf 88' lang='lat' dir='ltr'>membra</span> <span class='ocrx_word' id='word_1_19' title='bbox 647 1058 860 1116; x_wconf 81' lang='lat' dir='ltr'>contremuere</span> <span class='ocrx_word' id='word_1_20' title='bbox 883 1075 1007 1136; x_wconf 84' lang='lat' dir='ltr'>pavore.</span> 
     </span>
     <span class='ocr_line' id='line_1_7' title="bbox 441 1151 773 1238; baseline -0.003 -20"><span class='ocrx_word' id='word_1_21' title='bbox 441 1151 443 1156; x_wconf 46' lang='lat'><strong>¹</strong></span> <span class='ocrx_word' id='word_1_22' title='bbox 593 1157 773 1238; x_wconf 88' lang='lat' dir='ltr'>Ephrem.</span> 
     </span>
     <span class='ocr_line' id='line_1_8' title="bbox 166 1260 1196 1342; baseline -0.002 -16"><span class='ocrx_word' id='word_1_23' title='bbox 166 1265 235 1326; x_wconf 88' lang='lat' dir='ltr'>Nec</span> <span class='ocrx_word' id='word_1_24' title='bbox 256 1265 386 1340; x_wconf 73' lang='lat' dir='ltr'>mirum,</span> <span class='ocrx_word' id='word_1_25' title='bbox 409 1264 543 1324; x_wconf 79' lang='lat' dir='ltr'>certost</span> <span class='ocrx_word' id='word_1_26' title='bbox 564 1280 624 1339; x_wconf 81' lang='lat' dir='ltr'>ego</span> <span class='ocrx_word' id='word_1_27' title='bbox 645 1261 677 1320; x_wconf 93' lang='lat' dir='ltr'>id</span> <span class='ocrx_word' id='word_1_28' title='bbox 698 1260 798 1341; x_wconf 91' lang='lat' dir='ltr'>ipsum</span> <span class='ocrx_word' id='word_1_29' title='bbox 819 1280 902 1322; x_wconf 91' lang='lat' dir='ltr'>nuno</span> <span class='ocrx_word' id='word_1_30' title='bbox 923 1261 1196 1342; x_wconf 86' lang='lat' dir='ltr'>patioraudiendo.</span> 
     </span>
     <span class='ocr_line' id='line_1_9' title="bbox 578 1363 784 1426; baseline -0.005 0"><span class='ocrx_word' id='word_1_31' title='bbox 578 1363 784 1426; x_wconf 83' lang='lat' dir='ltr'>Abraham.</span> 
     </span>
     <span class='ocr_line' id='line_1_10' title="bbox 169 1466 1196 1548; baseline -0.003 -17"><span class='ocrx_word' id='word_1_32' title='bbox 169 1470 288 1532; x_wconf 87' lang='lat' dir='ltr'>Deinde</span> <span class='ocrx_word' id='word_1_33' title='bbox 311 1469 464 1528; x_wconf 89' lang='lat' dir='ltr'>flebilibus</span> <span class='ocrx_word' id='word_1_34' title='bbox 487 1467 569 1527; x_wconf 87' lang='lat' dir='ltr'>sonis</span> <span class='ocrx_word' id='word_1_35' title='bbox 591 1484 683 1525; x_wconf 87' lang='lat' dir='ltr'>auras</span> <span class='ocrx_word' id='word_1_36' title='bbox 705 1466 816 1545; x_wconf 81' lang='lat' dir='ltr'>pollui,</span> <span class='ocrx_word' id='word_1_37' title='bbox 838 1468 991 1546; x_wconf 80' lang='lat' dir='ltr'>rogitans,</span> <span class='ocrx_word' id='word_1_38' title='bbox 1015 1468 1083 1548; x_wconf 85' lang='lat' dir='ltr'>quis</span> <span class='ocrx_word' id='word_1_39' title='bbox 1105 1469 1196 1548; x_wconf 90' lang='lat' dir='ltr'>lupus</span> 
     </span>
     <span class='ocr_line' id='line_1_11' title="bbox 168 1569 1195 1652; baseline -0.002 -19"><span class='ocrx_word' id='word_1_40' title='bbox 168 1591 268 1633; x_wconf 88' lang='lat' dir='ltr'>meam</span> <span class='ocrx_word' id='word_1_41' title='bbox 290 1589 402 1650; x_wconf 86' lang='lat' dir='ltr'>aguam</span> <span class='ocrx_word' id='word_1_42' title='bbox 424 1572 559 1650; x_wconf 87' lang='lat' dir='ltr'>raperet,</span> <span class='ocrx_word' id='word_1_43' title='bbox 583 1569 650 1647; x_wconf 89' lang='lat' dir='ltr'>quis</span> <span class='ocrx_word' id='word_1_44' title='bbox 670 1569 749 1628; x_wconf 88' lang='lat' dir='ltr'>latro</span> <span class='ocrx_word' id='word_1_45' title='bbox 771 1588 871 1631; x_wconf 91' lang='lat' dir='ltr'>meam</span> <span class='ocrx_word' id='word_1_46' title='bbox 900 1571 994 1632; x_wconf 87' lang='lat' dir='ltr'>filiam</span> <span class='ocrx_word' id='word_1_47' title='bbox 1015 1571 1195 1652; x_wconf 77' lang='lat' dir='ltr'>captivaret.</span> 
     </span>
     <span class='ocr_line' id='line_1_12' title="bbox 594 1671 774 1752; baseline 0.011 -22"><span class='ocrx_word' id='word_1_48' title='bbox 594 1671 774 1752; x_wconf 86' lang='lat' dir='ltr'>Ephrem.</span> 
     </span>
    </p>
   </div>
   <div class='ocr_carea' id='block_1_3' title="bbox 167 1774 1155 1856">
    <p class='ocr_par' dir='ltr' id='par_1_3' title="bbox 167 1774 1155 1856">
     <span class='ocr_line' id='line_1_13' title="bbox 167 1774 1155 1856; baseline -0.002 -16"><span class='ocrx_word' id='word_1_49' title='bbox 167 1778 244 1840; x_wconf 83' lang='lat' dir='ltr'>Jure</span> <span class='ocrx_word' id='word_1_50' title='bbox 268 1778 456 1856; x_wconf 90' lang='lat' dir='ltr'>conquestus</span> <span class='ocrx_word' id='word_1_51' title='bbox 479 1774 565 1836; x_wconf 86' lang='lat' dir='ltr'>suisti</span> <span class='ocrx_word' id='word_1_52' title='bbox 587 1775 654 1856; x_wconf 87' lang='lat' dir='ltr'>ejus</span> <span class='ocrx_word' id='word_1_53' title='bbox 676 1775 888 1856; x_wconf 89' lang='lat' dir='ltr'>perditionem,</span> <span class='ocrx_word' id='word_1_54' title='bbox 912 1793 1003 1856; x_wconf 91' lang='lat' dir='ltr'>quam</span> <span class='ocrx_word' id='word_1_55' title='bbox 1024 1777 1155 1838; x_wconf 89' lang='lat' dir='ltr'>nutristi.</span> 
     </span>
    </p>
   </div>
   <div class='ocr_carea' id='block_1_4' title="bbox 168 1894 1195 2080">
    <p class='ocr_par' dir='ltr' id='par_1_4' title="bbox 168 1894 1195 2080">
     <span class='ocr_line' id='line_1_14' title="bbox 579 1894 783 1956; baseline -0.01 0"><span class='ocrx_word' id='word_1_56' title='bbox 579 1894 783 1956; x_wconf 87' lang='lat' dir='ltr'>Abraham.</span> 
     </span>
     <span class='ocr_line' id='line_1_15' title="bbox 168 1997 1195 2080; baseline 0 -19"><span class='ocrx_word' id='word_1_57' title='bbox 168 2000 307 2061; x_wconf 83' lang='lat' dir='ltr'>Tandem</span> <span class='ocrx_word' id='word_1_58' title='bbox 318 1999 526 2072; x_wconf 84' lang='lat' dir='ltr'>accesserunt,</span> <span class='ocrx_word' id='word_1_59' title='bbox 539 1997 598 2076; x_wconf 91' lang='lat' dir='ltr'>qui,</span> <span class='ocrx_word' id='word_1_60' title='bbox 610 1998 775 2058; x_wconf 81' lang='lat' dir='ltr'>veritatem</span> <span class='ocrx_word' id='word_1_61' title='bbox 787 1998 929 2073; x_wconf 79' lang='lat' dir='ltr'>scientae,</span> <span class='ocrx_word' id='word_1_62' title='bbox 943 1999 1043 2080; x_wconf 71' lang='lat' dir='ltr'>res27)</span> <span class='ocrx_word' id='word_1_63' title='bbox 1064 2019 1132 2060; x_wconf 83' lang='lat' dir='ltr'>sese</span> <span class='ocrx_word' id='word_1_64' title='bbox 1143 2001 1195 2076; x_wconf 91' lang='lat' dir='ltr'>ita,</span> 
     </span>
    </p>
   </div>
   <div class='ocr_carea' id='block_1_5' title="bbox 167 2100 1198 2182">
    <p class='ocr_par' dir='ltr' id='par_1_5' title="bbox 167 2100 1198 2182">
     <span class='ocr_line' id='line_1_16' title="bbox 167 2100 1198 2182; baseline 0.002 -18"><span class='ocrx_word' id='word_1_65' title='bbox 167 2105 203 2164; x_wconf 89' lang='lat' dir='ltr'>ut</span> <span class='ocrx_word' id='word_1_66' title='bbox 224 2103 280 2164; x_wconf 91' lang='lat' dir='ltr'>tibi</span> <span class='ocrx_word' id='word_1_67' title='bbox 301 2121 383 2162; x_wconf 89' lang='lat' dir='ltr'>nunc</span> <span class='ocrx_word' id='word_1_68' title='bbox 406 2101 550 2182; x_wconf 80' lang='lat' dir='ltr'>exposui,</span> <span class='ocrx_word' id='word_1_69' title='bbox 579 2102 695 2161; x_wconf 89' lang='lat' dir='ltr'>habere</span> <span class='ocrx_word' id='word_1_70' title='bbox 717 2100 875 2182; x_wconf 89' lang='lat' dir='ltr'>ipsamque</span> <span class='ocrx_word' id='word_1_71' title='bbox 898 2103 1028 2164; x_wconf 86' lang='lat' dir='ltr'>vanitati</span> <span class='ocrx_word' id='word_1_72' title='bbox 1051 2105 1198 2166; x_wconf 87' lang='lat' dir='ltr'>dixerunt</span> 
     </span>
    </p>
   </div>
   <div class='ocr_carea' id='block_1_6' title="bbox 168 2205 787 2712">
    <p class='ocr_par' dir='ltr' id='par_1_6' title="bbox 168 2205 337 2267">
     <span class='ocr_line' id='line_1_17' title="bbox 168 2205 337 2267; baseline -0.006 -2"><span class='ocrx_word' id='word_1_73' title='bbox 168 2205 337 2267; x_wconf 86' lang='lat' dir='ltr'>deservire.</span> 
     </span>
    </p>

    <p class='ocr_par' dir='ltr' id='par_1_7' title="bbox 170 2288 776 2440">
     <span class='ocr_line' id='line_1_18' title="bbox 598 2288 776 2370; baseline 0.011 -22"><span class='ocrx_word' id='word_1_74' title='bbox 598 2288 776 2370; x_wconf 90' lang='lat' dir='ltr'>Ephrem.</span> 
     </span>
     <span class='ocr_line' id='line_1_19' title="bbox 170 2375 410 2440; baseline -0.017 0"><span class='ocrx_word' id='word_1_75' title='bbox 170 2376 232 2440; x_wconf 87' lang='lat' dir='ltr'>Ubi</span> <span class='ocrx_word' id='word_1_76' title='bbox 253 2375 410 2440; x_wconf 83' lang='lat' dir='ltr'>moratur?</span> 
     </span>
    </p>

    <p class='ocr_par' dir='ltr' id='par_1_8' title="bbox 168 2461 787 2627">
     <span class='ocr_line' id='line_1_20' title="bbox 582 2461 787 2522; baseline -0.01 0"><span class='ocrx_word' id='word_1_77' title='bbox 582 2461 712 2522; x_wconf 88' lang='lat' dir='ltr'>Abrah</span> <span class='ocrx_word' id='word_1_78' title='bbox 725 2478 787 2520; x_wconf 89' lang='lat' dir='ltr'>am.</span> 
     </span>
     <span class='ocr_line' id='line_1_21' title="bbox 168 2547 344 2627; baseline -0.011 -19"><span class='ocrx_word' id='word_1_79' title='bbox 168 2547 344 2627; x_wconf 77' lang='lat' dir='ltr'>ignoratur.</span> 
     </span>
    </p>

    <p class='ocr_par' dir='ltr' id='par_1_9' title="bbox 599 2629 772 2712">
     <span class='ocr_line' id='line_1_22' title="bbox 599 2629 772 2712; baseline -0.006 -21"><span class='ocrx_word' id='word_1_80' title='bbox 599 2629 772 2712; x_wconf 87' lang='lat' dir='ltr'>Ephrem.</span> 
     </span>
    </p>
   </div>
   <div class='ocr_carea' id='block_1_7' title="bbox 172 2717 788 2863">
    <p class='ocr_par' dir='ltr' id='par_1_10' title="bbox 172 2717 788 2863">
     <span class='ocr_line' id='line_1_23' title="bbox 172 2717 355 2789; baseline -0.005 -8"><span class='ocrx_word' id='word_1_81' title='bbox 172 2717 255 2789; x_wconf 80' lang='lat' dir='ltr'>Quid</span> <span class='ocrx_word' id='word_1_82' title='bbox 276 2719 355 2780; x_wconf 84' lang='lat' dir='ltr'>flet?</span> 
     </span>
     <span class='ocr_line' id='line_1_24' title="bbox 583 2802 788 2863; baseline -0.005 0"><span class='ocrx_word' id='word_1_83' title='bbox 583 2802 788 2863; x_wconf 87' lang='lat' dir='ltr'>Abraham.</span> 
     </span>
    </p>
   </div>
   <div class='ocr_carea' id='block_1_8' title="bbox 172 2905 1203 4000">
    <p class='ocr_par' dir='ltr' id='par_1_11' title="bbox 172 2905 1200 3296">
     <span class='ocr_line' id='line_1_25' title="bbox 173 2905 1200 2988; baseline 0.001 -21"><span class='ocrx_word' id='word_1_84' title='bbox 173 2905 231 2968; x_wconf 91' lang='lat' dir='ltr'>Est</span> <span class='ocrx_word' id='word_1_85' title='bbox 252 2906 326 2967; x_wconf 92' lang='lat' dir='ltr'>mihi</span> <span class='ocrx_word' id='word_1_86' title='bbox 346 2906 445 2967; x_wconf 90' lang='lat' dir='ltr'>fidelis</span> <span class='ocrx_word' id='word_1_87' title='bbox 469 2905 592 2979; x_wconf 87' lang='lat' dir='ltr'>amicus,</span> <span class='ocrx_word' id='word_1_88' title='bbox 616 2906 676 2986; x_wconf 91' lang='lat' dir='ltr'>qui,</span> <span class='ocrx_word' id='word_1_89' title='bbox 693 2906 834 2967; x_wconf 80' lang='lat' dir='ltr'>civitates</span> <span class='ocrx_word' id='word_1_90' title='bbox 848 2906 1000 2985; x_wconf 86' lang='lat' dir='ltr'>villasque</span> <span class='ocrx_word' id='word_1_91' title='bbox 1019 2925 1200 2988; x_wconf 83' lang='lat' dir='ltr'>peragrans,</span> 
     </span>
     <span class='ocr_line' id='line_1_26' title="bbox 172 3009 1200 3092; baseline 0.002 -22"><span class='ocrx_word' id='word_1_92' title='bbox 172 3030 234 3071; x_wconf 92' lang='lat' dir='ltr'>nou</span> <span class='ocrx_word' id='word_1_93' title='bbox 258 3011 405 3090; x_wconf 88' lang='lat' dir='ltr'>quiescet,</span> <span class='ocrx_word' id='word_1_94' title='bbox 428 3010 534 3085; x_wconf 88' lang='lat' dir='ltr'>donec,</span> <span class='ocrx_word' id='word_1_95' title='bbox 557 3027 636 3089; x_wconf 89' lang='lat' dir='ltr'>quae</span> <span class='ocrx_word' id='word_1_96' title='bbox 654 3009 738 3070; x_wconf 89' lang='lat' dir='ltr'>illam</span> <span class='ocrx_word' id='word_1_97' title='bbox 750 3012 834 3070; x_wconf 88' lang='lat' dir='ltr'>terra</span> <span class='ocrx_word' id='word_1_98' title='bbox 850 3010 1030 3092; x_wconf 86' lang='lat' dir='ltr'>susceperit,</span> <span class='ocrx_word' id='word_1_99' title='bbox 1044 3019 1200 3090; x_wconf 82' lang='lat' dir='ltr'>agnoscet.</span> 
     </span>
     <span class='ocr_line' id='line_1_27' title="bbox 597 3111 777 3194; baseline 0 -20"><span class='ocrx_word' id='word_1_100' title='bbox 597 3111 777 3194; x_wconf 85' lang='lat' dir='ltr'>Ephrem.</span> 
     </span>
     <span class='ocr_line' id='line_1_28' title="bbox 174 3202 541 3296; baseline -0.003 -21"><span class='ocrx_word' id='word_1_101' title='bbox 174 3213 266 3290; x_wconf 80' lang='lat' dir='ltr'>Quid,</span> <span class='ocrx_word' id='word_1_102' title='bbox 290 3214 316 3276; x_wconf 90' lang='lat' dir='ltr'>si</span> <span class='ocrx_word' id='word_1_103' title='bbox 333 3202 541 3296; x_wconf 80' lang='lat' dir='ltr'>experietur?</span> 
     </span>
    </p>

    <p class='ocr_par' dir='ltr' id='par_1_12' title="bbox 172 3317 1202 3710">
     <span class='ocr_line' id='line_1_29' title="bbox 585 3317 790 3378; baseline -0.01 0"><span class='ocrx_word' id='word_1_104' title='bbox 585 3317 790 3378; x_wconf 82' lang='lat' dir='ltr'>Abraham.</span> 
     </span>
     <span class='ocr_line' id='line_1_30' title="bbox 172 3418 1202 3501; baseline 0.002 -19"><span class='ocrx_word' id='word_1_105' title='bbox 172 3421 321 3483; x_wconf 89' lang='lat' dir='ltr'>Habitum</span> <span class='ocrx_word' id='word_1_106' title='bbox 342 3423 467 3481; x_wconf 88' lang='lat' dir='ltr'>mutabo</span> <span class='ocrx_word' id='word_1_107' title='bbox 488 3420 646 3501; x_wconf 87' lang='lat' dir='ltr'>ipsamque</span> <span class='ocrx_word' id='word_1_108' title='bbox 669 3422 725 3480; x_wconf 90' lang='lat' dir='ltr'>sub</span> <span class='ocrx_word' id='word_1_109' title='bbox 748 3418 892 3492; x_wconf 79' lang='lat' dir='ltr'>amatoris</span> <span class='ocrx_word' id='word_1_110' title='bbox 921 3420 1024 3501; x_wconf 83' lang='lat' dir='ltr'>specie</span> <span class='ocrx_word' id='word_1_111' title='bbox 1046 3423 1152 3498; x_wconf 90' lang='lat' dir='ltr'>adibo,</span> <span class='ocrx_word' id='word_1_112' title='bbox 1176 3425 1202 3484; x_wconf 90' lang='lat' dir='ltr'>si</span> 
     </span>
     <span class='ocr_line' id='line_1_31' title="bbox 174 3522 1202 3607; baseline 0.003 -24"><span class='ocrx_word' id='word_1_113' title='bbox 174 3524 255 3584; x_wconf 84' lang='lat' dir='ltr'>forte</span> <span class='ocrx_word' id='word_1_114' title='bbox 277 3543 345 3607; x_wconf 83' lang='lat' dir='ltr'>meo</span> <span class='ocrx_word' id='word_1_115' title='bbox 367 3524 484 3584; x_wconf 86' lang='lat' dir='ltr'>monitu</span> <span class='ocrx_word' id='word_1_116' title='bbox 513 3525 584 3605; x_wconf 85' lang='lat' dir='ltr'>post</span> <span class='ocrx_word' id='word_1_117' title='bbox 612 3539 710 3601; x_wconf 79' lang='lat' dir='ltr'>grave</span> <span class='ocrx_word' id='word_1_118' title='bbox 732 3522 930 3602; x_wconf 86' lang='lat' dir='ltr'>naufragium</span> <span class='ocrx_word' id='word_1_119' title='bbox 962 3527 1139 3585; x_wconf 85' lang='lat' dir='ltr'>revertatur</span> <span class='ocrx_word' id='word_1_120' title='bbox 1162 3526 1202 3586; x_wconf 90' lang='lat' dir='ltr'>ad</span> 
     </span>
     <span class='ocr_line' id='line_1_32' title="bbox 173 3626 609 3710; baseline -0.005 -22"><span class='ocrx_word' id='word_1_121' title='bbox 173 3626 322 3710; x_wconf 88' lang='lat' dir='ltr'>pristinae</span> <span class='ocrx_word' id='word_1_122' title='bbox 346 3626 457 3706; x_wconf 87' lang='lat' dir='ltr'>quietis</span> <span class='ocrx_word' id='word_1_123' title='bbox 479 3627 609 3707; x_wconf 91' lang='lat' dir='ltr'>portum.</span> 
     </span>
    </p>

    <p class='ocr_par' dir='ltr' id='par_1_13' title="bbox 173 3717 1203 4000">
     <span class='ocr_line' id='line_1_33' title="bbox 603 3717 910 3809; baseline 0.003 -20"><span class='ocrx_word' id='word_1_124' title='bbox 603 3728 781 3809; x_wconf 88' lang='lat' dir='ltr'>Ephrem.</span> <span class='ocrx_word' id='word_1_125' title='bbox 906 3717 910 3727; x_wconf 67' lang='grc'><em>’</em></span> 
     </span>
     <span class='ocr_line' id='line_1_34' title="bbox 173 3831 1203 3916; baseline 0.002 -22"><span class='ocrx_word' id='word_1_126' title='bbox 173 3832 276 3894; x_wconf 88' lang='lat' dir='ltr'>Etiam</span> <span class='ocrx_word' id='word_1_127' title='bbox 298 3832 372 3913; x_wconf 91' lang='lat' dir='ltr'>quid</span> <span class='ocrx_word' id='word_1_128' title='bbox 393 3831 454 3907; x_wconf 90' lang='lat' dir='ltr'>fiet,</span> <span class='ocrx_word' id='word_1_129' title='bbox 477 3831 504 3892; x_wconf 91' lang='lat' dir='ltr'>si</span> <span class='ocrx_word' id='word_1_130' title='bbox 532 3835 670 3893; x_wconf 88' lang='lat' dir='ltr'>carnium</span> <span class='ocrx_word' id='word_1_131' title='bbox 699 3852 770 3893; x_wconf 87' lang='lat' dir='ltr'>osus</span> <span class='ocrx_word' id='word_1_132' title='bbox 798 3831 924 3913; x_wconf 83' lang='lat' dir='ltr'>vinique</span> <span class='ocrx_word' id='word_1_133' title='bbox 953 3831 1082 3894; x_wconf 86' lang='lat' dir='ltr'>haustus</span> <span class='ocrx_word' id='word_1_134' title='bbox 1110 3852 1203 3916; x_wconf 88' lang='lat' dir='ltr'>appo-</span> 
     </span>
     <span class='ocr_line' id='line_1_35' title="bbox 174 3938 291 4000; baseline -0.034 0"><span class='ocrx_word' id='word_1_135' title='bbox 174 3938 291 4000; x_wconf 77' lang='lat' dir='ltr'>netur?</span> 
     </span>
    </p>
   </div>
   <div class='ocr_carea' id='block_1_9' title="bbox 200 4134 1138 4249">
    <p class='ocr_par' dir='ltr' id='par_1_14' title="bbox 200 4134 1138 4249">
     <span class='ocr_line' id='line_1_36' title="bbox 200 4134 1138 4249; baseline 0.004 -34"><span class='ocrx_word' id='word_1_136' title='bbox 200 4171 239 4229; x_wconf 69' lang='lat'>26)</span> <span class='ocrx_word' id='word_1_137' title='bbox 254 4172 337 4249; x_wconf 63' lang='lat' dir='ltr'>Ephr.</span> <span class='ocrx_word' id='word_1_138' title='bbox 353 4171 410 4216; x_wconf 76' lang='lat' dir='ltr'>fehlt</span> <span class='ocrx_word' id='word_1_139' title='bbox 423 4175 446 4216; x_wconf 88' lang='lat' dir='ltr'>in</span> <span class='ocrx_word' id='word_1_140' title='bbox 465 4171 497 4216; x_wconf 80' lang='grc' dir='ltr'>Μ.</span> <span class='ocrx_word' id='word_1_141' title='bbox 513 4183 537 4217; x_wconf 75' lang='grc' dir='ltr'>ι.</span> <span class='ocrx_word' id='word_1_142' title='bbox 553 4171 592 4228; x_wconf 80' lang='lat'>1³.;</span> <span class='ocrx_word' id='word_1_143' title='bbox 606 4141 688 4228; x_wconf 79' lang='lat' dir='ltr'>quid,</span> <span class='ocrx_word' id='word_1_144' title='bbox 703 4173 735 4229; x_wconf 81' lang='lat' dir='ltr'>a,</span> <span class='ocrx_word' id='word_1_145' title='bbox 750 4134 772 4217; x_wconf 57' lang='lat' dir='ltr'>E.</span> <span class='ocrx_word' id='word_1_146' title='bbox 787 4185 810 4219; x_wconf 89' lang='lat' dir='ltr'>u.</span> <span class='ocrx_word' id='word_1_147' title='bbox 826 4172 872 4229; x_wconf 70' lang='lat' dir='ltr'>mg.</span> <span class='ocrx_word' id='word_1_148' title='bbox 899 4173 938 4229; x_wconf 72' lang='lat'>2¹1)</span> <span class='ocrx_word' id='word_1_149' title='bbox 956 4184 1026 4229; x_wconf 80' lang='lat' dir='ltr'>rem,</span> <span class='ocrx_word' id='word_1_150' title='bbox 1040 4171 1099 4221; x_wconf 62' lang='lat' dir='ltr'>Qu.</span> <span class='ocrx_word' id='word_1_151' title='bbox 1114 4173 1138 4220; x_wconf 80' lang='lat' dir='ltr'>S.</span> 
     </span>
    </p>
   </div>
   <div class='ocr_carea' id='block_1_10' title="bbox 0 0 1571 4894">
    <p class='ocr_par' dir='ltr' id='par_1_15' title="bbox 0 0 1571 4894">
     <span class='ocr_line' id='line_1_37' title="bbox 0 0 1571 4894; baseline 0 0"><span class='ocrx_word' id='word_1_152' title='bbox 0 0 1571 4894; x_wconf 95' lang='lat' dir='ltr'> </span> 
     </span>
    </p>
   </div>
  </div>
 </body>
</html>
