3080 4892
534 546 833 621 -291-.,

538 729 772 794 Antiochus.

137 833 355 915 Ebulliens⁴⁷)
377 833 498 911 fervor,
521 835 678 899 confracto
700 855 786 913 uase,
815 803 972 899 ministros
994 836 1170 914 combussit,

139 944 173 1000 et
196 938 250 999 illa
271 937 412 999 malefica
432 937 541 999 illaesa
563 939 742 1020 comparuit.

541 1041 779 1105 Hadrianus.

138 1127 265 1204 Fateor,
287 1127 363 1190 victi
384 1147 499 1190 sumus.

535 1214 778 1278 Antiochus.

139 1300 279 1364 Penitus.

539 1385 776 1450 Hadrianus.

144 1469 244 1556 Caput
265 1472 450 1536 abscidatur.
460 1474 503 1558 ⁴⁸)

542 1577 782 1641 Antiochus.

143 1678 232 1742 Alios
254 1700 316 1742 non
339 1684 526 1744 absumetur.

609 1765 658 1849 Sp
669 1787 714 1828 es.

149 1869 176 1932 0
202 1867 322 1932 Caritas
353 1871 479 1945 dilecta,
510 1891 527 1933 o
558 1891 644 1933 soror
672 1867 779 1932 unica!
812 1891 851 1932 ne
879 1869 1025 1932 formides
1053 1870 1179 1953 tyramd

144 1973 264 2049 minas,
302 1995 341 2035 ne
375 1975 512 2055 trepides
542 1975 582 2035 ad
617 1993 752 2055 poenas,
793 1974 893 2036 nitere
931 1973 1084 2036 constanti
1116 1973 1177 2034 fide

145 2077 258 2138 imitari
281 2097 411 2154 sorores,
435 2079 475 2139 ad
497 2079 574 2140 coeli
597 2078 744 2158 palatium
766 2075 1002 2159 praecedentes.

578 2179 750 2243 Caritas.
944 2171 947 2175 ’

147 2283 269 2346 Taedet
290 2305 338 2345 me
360 2285 445 2346 vitae
466 2285 655 2367 praesentis,
677 2286 784 2356 taedet
806 2287 950 2347 terrenae
972 2283 1179 2361 habitationis,

148 2387 231 2467 quod
254 2387 355 2449 saltim
378 2389 417 2450 ad
439 2389 591 2450 modicum
613 2389 759 2469 temporis
782 2407 910 2470 separor
932 2407 951 2449 a
972 2387 1068 2450 uobis.

615 2489 723 2572 Spes.

147 2593 277 2674 Depone
294 2593 431 2655 taedium
461 2597 493 2655 et
521 2595 615 2656 tende
646 2593 686 2654 ad
714 2594 900 2675 praemium,
933 2613 995 2655 non
1025 2583 1106 2655 enim
1128 2578 1181 2656 diu

69 2681 73 2688 Δ
148 2698 368 2778 separabimur,
392 2696 448 2759 sed
471 2697 556 2759 ocius
578 2697 609 2757 in
632 2697 718 2758 coelo
743 2699 973 2780 conjungemur.

581 2797 750 2862 Caritas.
798 2829 808 2857 ι

149 2886 229 2962 Fiat,
253 2886 323 2948 fieti

613 2971 724 3054 Spes

148 3074 250 3154 Euge,
267 3077 367 3138 mater
385 3075 524 3150 illustris,
540 3077 651 3156 gaude,
666 3097 726 3138 nec
743 3075 882 3156 tangaris
897 3076 936 3137 de
957 3075 1020 3139 mei
1039 3074 1183 3157 passione

154 3178 289 3239 materni
313 3178 440 3240 affectus
464 3178 579 3252 dolore,
602 3181 658 3242 sed
680 3181 805 3260 praefer
827 3199 914 3262 spem
934 3180 1082 3256 moerori,
1115 3198 1185 3240 cum
1211 3188 1216 3192 ’

150 3301 201 3343 me
224 3281 331 3344 videas
354 3301 411 3362 pro
433 3279 554 3344 Christo
580 3283 665 3343 mori.

556 3385 783 3466 Sapientia.

151 3487 245 3548 Nunc
267 3488 390 3567 quidem
410 3488 541 3568 gaudeo,
565 3489 620 3550 sed
643 3491 717 3550 tunc
739 3488 864 3548 tandem
886 3489 1026 3569 perfecte
1038 3488 1184 3550 exultans

152 3591 310 3670 gaudebo,
340 3592 461 3671 quando
492 3594 536 3653 tui
558 3592 747 3654 sororculam
773 3591 841 3672 pari
864 3591 1036 3654 conditione
1059 3591 1181 3652 extinc-

153 3697 217 3755 tam
240 3694 325 3755 coelo
347 3694 537 3776 praemisero
560 3698 592 3756 et
614 3715 672 3774 ego
695 3696 866 3774 subsequar
887 3696 1052 3776 postrema.

618 3795 725 3879 Spes

153 3900 307 3963 Perennis
330 3900 465 3962 Trinitas
488 3903 634 3962 restituet
655 3902 711 3964 tibi
732 3901 765 3964 in
788 3918 901 3963 aevum
922 3901 1049 3983 plenum
1071 3902 1188 3981 absque

155 3996 355 4066 diminutione
378 4004 511 4065 filiarum
531 4024 701 4066 numerum.

182 4203 220 4261 dt)
233 4203 386 4257 couneus,
403 4204 428 4250 c.
445 4218 468 4247 n.
483 4205 506 4251 S.
533 4204 571 4260 ds)
587 4204 788 4260 abscindetur,
806 4203 830 4250 c.
842 4205 869 4246 tr.
886 4201 921 4256 S.;
942 4203 1012 4259 vergi.
1029 4203 1086 4246 oben
1101 4203 1125 4248 S.
1139 4203 1187 4261 286,

235 4272 326 4317 Zeited
342 4274 414 4317 nob.
828 4269 831 4276 '
909 4325 950 4391 19
965 4284 989 4368 *·
1133 4279 1137 4288 ’
