3122 4894
742 357 980 427 ...200-

346 547 381 607 tn
403 559 524 624 semper
557 537 706 621 abjecisti,
734 536 815 598 meis
844 535 925 597 votis
953 533 1184 596 contradixisti!
1235 533 1326 596 Nune
1348 535 1383 595 in

345 663 415 708 mee
443 645 535 706 situm
564 641 803 722 estpotestate,
840 637 1039 720 quantislibet
1066 637 1187 718 injuriis
1216 639 1248 700 te
1283 637 1384 700 velim

348 749 513 810 lacessere.

727 827 991 892 Fortunatus.

347 935 399 1013 At,
421 937 469 997 et!
491 932 645 996 horribilis
666 950 795 1014 serpens
816 929 935 991 invadit
955 949 1021 991 nos.

729 1049 990 1114 Celimaehns.

348 1159 387 1221 Ei
406 1157 490 1234 mihi,
519 1157 699 1230 Fortunate,
726 1173 781 1215 cur
808 1174 858 1214 me
888 1152 1062 1234 decepisti?
1106 1150 1168 1215 Cur
1196 1155 1383 1218 detestabile

349 1263 452 1324 scelus
473 1259 679 1342 persuasisti?
722 1256 780 1332 En,
814 1259 849 1318 tn
880 1256 1020 1318 morieris
1050 1257 1205 1338 serpentis
1237 1259 1382 1336 vulnere,

352 1368 385 1427 et
407 1384 465 1444 ego
488 1362 668 1424 commorior
689 1379 765 1442 prae
786 1359 904 1422 timore.

760 1616 971 1679 lohannes

351 1721 555 1798 Accedamus,
576 1721 763 1797 Andronico,
785 1721 825 1781 ud
851 1721 1002 1782 tumulum
1030 1719 1211 1797 Drusianae,
1235 1741 1294 1802 quo
1317 1721 1381 1783 eni-

351 1846 434 1892 mam
454 1825 575 1890 Christo
598 1823 846 1887 commendemus
867 1843 968 1904 prece.

715 1943 1012 2004 Andronichus.

350 2047 420 2108 Hoc
442 2046 533 2108 decet
553 2044 599 2107 tui
621 2045 823 2120 sanctitatem,
847 2049 964 2107 utnon
987 2045 1177 2108 obliuiscaris
1199 2046 1229 2108 in
1251 2049 1283 2109 te
1306 2065 1379 2109 oon-

350 2150 505 2211 fidentem.

754 2233 970 2296 lohannes

351 2337 445 2414 Eece,
468 2336 630 2398 invisibssis
652 2336 737 2399 Deus
758 2337 846 2400 nobis
868 2343 999 2418 apparet
1019 2336 1149 2399 visibilis
1177 2337 1209 2398 in
1236 2338 1382 2418 pulcher-

348 2440 419 2504 rimi
441 2440 638 2504 similitudine
657 2441 791 2522 juvenis.

716 2559 1015 2623 Androniehus.

350 2619 497 2728 Enpevet
484 2648 532 2707 e
526 2649 532 2692 ¹
544 2646 589 2726 2⁰)

733 2730 949 2792 Johannes.

349 2833 479 2894 Domine
501 2834 586 2909 Jesu,
609 2834 777 2914 conjunta
804 2833 836 2895 id
863 2835 923 2896 looi
952 2835 1098 2914 dignatus
1127 2855 1162 2896 es
1190 2835 1289 2898 servis
1319 2835 1382 2898 tuis

351 2936 565 2996 manifestari?

804 3020 831 3081 D
842 3039 920 3082 eus.

351 3122 449 3204 Propt
450 3142 484 3183 er
436 3119 731 3202 lDrusianae21)
754 3123 892 3204 ejusque,
905 3122 957 3204 qui
975 3124 1068 3206 juxte
1080 3127 1277 3206 sepulchrum
1298 3127 1381 3188 illius

346 3226 440 3302 jacet,
462 3222 729 3286 resuso1tat10nem
738 3224 780 3308 Ὦ)
811 3227 950 3308 apparui,
984 3229 1055 3309 quia
1082 3250 1193 3290 nomen
1219 3250 1321 3292 meum
1349 3231 1381 3292 in

351 3325 399 3386 his
423 3326 516 3388 debet
537 3326 673 3407 gloriari.

715 3415 1013 3488 Androniohus.

352 3514 453 3587 Quam
475 3515 574 3579 subito
597 3521 741 3600 receptus
764 3523 812 3582 est
835 3523 936 3582 coelo!

357 3725 361 3730 1
754 3639 967 3701 lohannes

348 3734 425 3804 Ideo
448 3759 573 3802 causam
593 3741 716 3822 penitus
738 3761 799 3802 non
816 3742 973 3824 intellego.

349 3895 503 3906 *ιι-ι-

375 3975 821 4031 ao)sxpsveo,.ucm1>sai)u
941 3981 1212 4038 ιιι,...)ηῦιιδ22
1258 3983 1377 4026 scelttlo

427 4045 574 4099 (uulromitcl
561 4005 624 4088 inlex
638 4045 795 4100 ΗΜ
782 4046 841 4089 Ρ
