3134 4896
11 4041 25 4533 l

245 615 355 693 ,ssuaa
373 616 441 680 miti
460 617 585 680 referes
606 621 733 680 eunetos
753 617 869 699 pietate
888 615 1006 693 fideles,

241 721 330 795 „Quo
350 723 450 802 paeto,
471 741 531 800 quo
547 721 619 801 jura
640 721 763 800 quidem
784 720 964 799 contingere
986 720 1113 782 andem

151 820 432 898 285.‚,A1tithroni
451 843 562 886 nomeu
583 829 731 898 sanetum,
751 823 940 898 venerabile,
961 841 1118 904 maguum,
1207 893 1210 900 ,

222 926 379 1002 „Infelix
400 945 458 1005 ege
479 925 604 1007 pollutis
625 943 789 1006 praesume
810 926 940 1000 labellis,

243 1029 325 1106 „Qui
351 1027 522 1104 Christum,
550 1028 717 1110 baptisma,
746 1047 883 1104 erucem,
917 1026 1030 1090 Christi
1062 1048 1183 1110 quoque

284 1208 290 1226 ι
926 1133 1056 1196 matrem

248 1235 314 1311 „Te
334 1238 452 1298 metam
471 1234 595 1316 sumptis
615 1233 828 1315 blasphemavi
847 1233 927 1296 mele
947 1235 1037 1316 pistis

245 1336 444 1418 ‚‚Cunetaque
465 1337 608 1400 eoelestis
629 1337 681 1418 pia
703 1341 896 1400 sacramanta
917 1338 1024 1414 salutis
1032 1339 1068 1399 ?“

155 1439 229 1504 290.
286 1441 345 1502 His
366 1441 517 1502 miserens
537 1441 685 1519 querulis,
706 1441 866 1502 inventrix
885 1439 1073 1520 virginitatis

242 1544 376 1624 „Ajebat
395 1542 515 1606 blandis
536 1543 648 1606 iterum
669 1542 850 1604 clementius
871 1544 969 1605 orsis:

243 1645 412 1722 „Quamvis
432 1645 475 1706 sis
497 1645 645 1724 gravibus
665 1646 748 1706 vitiis
768 1646 894 1706 nimium
913 1646 1092 1720 maculatus,

245 1749 420 1824 ,‚Attamen,
442 1751 477 1810 ut
495 1748 608 1822 monui,
628 1747 792 1810 Dominum
812 1767 872 1808 uon
894 1767 1007 1828 sperne
1028 1747 1129 1822 lateri,

248 1852 310 1929 „Et
330 1851 401 1931 quia
421 1851 522 1912 laetus
542 1851 631 1912 homo
651 1851 748 1912 nostri
769 1851 956 1912 solummodo
975 1869 1077 1926 eausa,

163 1951 238 2020 295.
254 1955 315 2029 „Ut
334 1973 422 2034 spem
441 1953 600 2014 conversis
620 1955 731 2016 veniae
753 1955 917 2036 praeberet
937 1955 1125 2018 habendae.“

287 2057 375 2120 Tuae
395 2057 474 2118 istae
493 2056 624 2131 demum„
644 2057 765 2118 monitis
785 2058 923 2139 parendo
940 2057 1088 2139 jubentis,

250 2157 326 2220 Cum
346 2159 479 2223 lacrimis
498 2159 578 2222 tales
601 2161 769 2240 spargebat
790 2161 831 2222 ud
851 2161 981 2221 aethere
1001 2179 1111 2230 voees:

244 2263 353 2339 ‚Nune
373 2262 507 2343 supplex
526 2281 668 2337 veneror,
689 2263 790 2336 laudo,
814 2264 999 2343 eeupleetor‚
1020 2261 1115 2323 edere

246 2365 316 2442 „Ex
336 2367 425 2447 patre
446 2366 582 2440 eoelesti,
604 2363 767 2440 Christum,
790 2367 856 2426 siue
880 2369 1018 2445 tempore
1038 2367 1156 2440 uatum,

160 2467 234 2531 300.
250 2470 470 2552 „Temporibus
490 2469 605 2530 uestris
626 2468 751 2528 missum
772 2468 813 2528 de
834 2467 909 2528 sede
929 2466 1076 2547 parentis,

249 2572 312 2647 „Ut
332 2573 372 2633 de
394 2574 425 2632 te
447 2574 533 2634 easta
553 2590 673 2632 ueenou
696 2571 735 2632 de
754 2570 877 2632 flamine
898 2571 1004 2630 saneto

247 2675 416 2750 „Induerat
438 2675 559 2756 fragilis
575 2675 703 2735 postne
724 2673 878 2735 velamina
899 2671 1010 2746 earnis,

247 2777 420 2857 ‚fluusque
435 2777 535 2840 Deum
552 2796 663 2839 verum
674 2797 794 2838 neenou
809 2775 961 2836 homiuem
981 2775 1047 2836 lora
1062 2774 1189 2856 plenum

250 2881 338 2956 „Neu
360 2882 473 2956 dubita,
492 2882 590 2942 nostri
610 2898 703 2940 eausa
725 2880 778 2962 qui
797 2879 926 2960 pertulit
946 2897 1021 2957 ergo

164 2980 236 3045 305.
253 2983 453 3065 „Obprebriis
472 2984 568 3062 tangi,
591 2981 741 3063 colaphis,
764 2983 861 3063 alapis
884 3001 1005 3062 quoque
1029 2979 1116 3041 caedi

244 3085 420 3166 „Saeraque
439 3074 562 3166 pulsari
579 3087 695 3147 crebris
718 3105 775 3146 sua
796 3090 886 3164 terga
908 3083 1049 3162 flagellis,

251 3188 374 3268 „Atque
397 3188 495 3278 sputis
516 3189 601 3250 rutili
622 3189 757 3269 speeiem
777 3189 882 3250 uultus
904 3185 1067 3263 maculeri3

248 3288 412 3370 „Cumque
435 3294 598 3352 coronatus
621 3293 716 3372 spinis
739 3297 771 3352 et
793 3292 867 3352 fella
886 3293 1019 3372 potatus,
1114 3325 1121 3334 ·
1227 3311 1229 3318 ·

245 3393 354 3472 „Quae
377 3395 640 3476 saerapraedixit
661 3395 822 3476 scripture,
845 3411 902 3472 per
933 3411 1023 3457 omne
1044 3391 1188 3474 replevit,

159 3494 231 3558 310.
247 3497 425 3572 „Postremo
447 3497 544 3558 saeris
567 3498 713 3579 expausis
735 3498 767 3558 iu
789 3514 881 3557 eruce
903 3494 1013 3576 palmis

245 3597 330 3676 „Ceu
351 3605 457 3682 pastor
477 3621 587 3676 verus,
609 3600 754 3662 bonitatis
775 3599 892 3659 honore
913 3598 1054 3670 decorus,

247 3703 327 3779 „Pro
349 3704 438 3767 nabis
459 3704 591 3767 animam
612 3704 747 3765 moriens
769 3701 903 3784 ponebat
923 3700 1083 3761 amandam
1184 3717 1186 3722 ·

247 3805 369 3886 „Atque
392 3807 618 3890 sepulchralem
639 3807 771 3886 dignans
793 3805 930 3885 suscepit
951 3804 1120 3880 honorem·

184 4025 225 4068 '290
248 4023 404 4074 uulnerare„
422 4025 480 4066 (Lu.
496 4023 518 4065 S.
545 4025 593 4067 ⁸196.
609 4022 696 4062 isthaec.
713 4021 736 4062 Ρ.
753 4035 775 4062 u.
790 4019 812 4063 S.
850 4021 898 4066 298.
917 4019 1082 4070 lluue‚c.n.
1099 4016 1121 4058 S.
1143 4017 1190 4063 ὅθ’).

154 4109 157 4114 ·
246 4093 357 4146 frugis,
372 4091 412 4148 bl„
429 4093 515 4134 ebruna
529 4105 603 4146 urspr.
620 4093 642 4132 lu
656 4091 682 4134 Ρ.
714 4091 760 4136 310.
781 4091 934 4146 expauls,
961 4089 1012 4135 Qu
1035 4087 1058 4132 8.
1086 4087 1190 4134 trahu-

237 4162 356 4217 quem.
