3122 4894
789 483 834 501 ω
876 449 1075 536 aro-..-

806 626 1020 690 Johannes

378 721 479 816 ‘Nihil
500 727 667 792 terribilius
686 728 800 805 invido,
822 731 898 791 nihil
920 731 1082 794 scelestius
1105 736 1250 816 superbo.

761 831 1054 898 Andronichus.

394 933 533 1017 Uterque
554 935 745 998 miserabilis.

806 1040 1020 1102 Johannes

395 1139 466 1206 Una
499 1142 668 1222 eademque
700 1162 834 1224 persona
865 1147 996 1225 utroque
1029 1164 1151 1226 semper
1183 1146 1305 1208 laborat
1337 1148 1427 1224 vitio,

396 1245 467 1326 quia
489 1250 634 1306 neutrum
654 1245 721 1306 sine
743 1247 850 1322 altero.

735 1347 1082 1432 Andronichus.⁵⁶)

311 1479 313 1484 ¹
396 1449 528 1533 Expone
550 1451 749 1514 enucleatius.
783 1487 786 1494 ι

808 1555 1022 1618 Johannes

396 1657 476 1720 Nam
497 1659 550 1738 qui
571 1659 717 1740 superbit,
739 1659 870 1735 invidet,
894 1663 925 1721 et
948 1661 999 1740 qui
1019 1660 1153 1737 invidet,
1177 1662 1331 1742 superbit,
1356 1663 1431 1742 quia

396 1781 483 1822 mens
504 1762 622 1838 invida,
646 1762 718 1822 dum
739 1763 871 1824 alienam
891 1763 1016 1824 laudem
1036 1782 1095 1824 nec
1117 1764 1233 1844 patitur
1256 1765 1372 1851 audire,
1397 1771 1431 1826 et

397 1866 445 1926 sui
457 1867 683 1948 comparatione
695 1865 896 1947 perfectiores
905 1866 999 1926 ambit
1013 1865 1175 1942 vilescere,
1187 1867 1375 1946 dedignatur
1385 1928 1388 1934 Δ
1397 1869 1430 1928 in

397 1969 495 2029 subici
506 1969 696 2048 dignioribus
709 1972 740 2030 et
755 1947 888 2050 superbe
907 1972 1035 2029 conatur
1054 1969 1207 2050 praeferri
1222 1971 1429 2052 comparibus.

761 2070 1061 2132 Andronichus.

397 2153 498 2220 Patet.

810 2243 1014 2304 lohannes

397 2345 488 2430 Unde
508 2344 568 2406 iste
589 2344 778 2408 miserrimus
799 2347 1023 2408 vulnerabatur
1044 2349 1163 2423 mente,
1196 2346 1283 2426 quia,
1314 2365 1349 2406 se
1381 2347 1429 2408 his

396 2449 575 2513 inferiorem
596 2449 760 2526 aestimari,
768 2449 809 2531 ὅτ)
830 2471 892 2512 non
914 2449 1069 2526 sustinuit,
1090 2451 1123 2512 in
1153 2449 1222 2531 quis
1244 2449 1426 2531 ampliorem

398 2553 458 2616 Dei
478 2545 610 2635 gratiam
631 2554 737 2616 lucere
759 2573 821 2615 non
841 2554 982 2615 nescivit.

762 2673 1055 2736 Andronichus.

394 2771 637 2838 'Nuno'tandem
670 2777 839 2856 intellego,
878 2777 959 2857 quod
990 2779 1072 2838 inter
1104 2777 1271 2856 surgentes
1303 2775 1428 2838 minime

384 2884 448 2942 est
470 2883 671 2962 computatus,
693 2879 764 2960 quia
786 2880 870 2940 ocius
893 2882 961 2941 erat
980 2881 1154 2942 moriturus.

684 3007 689 3018 ’
810 2999 1023 3061 Johannes

398 3101 520 3182 Dignus
542 3105 590 3164 est
619 3102 700 3164 enim
727 3105 859 3182 utraque
887 3087 1001 3177 morte,
1032 3101 1103 3182 quia
1125 3104 1156 3164 et
1185 3103 1430 3164 commendatum

398 3206 491 3266 funus
514 3204 665 3266 afficiebat
685 3205 813 3286 injuria,
837 3207 869 3266 et
889 3208 1092 3286 resurgentes
1114 3206 1229 3288 injusto
1252 3205 1425 3266 insectaba-

398 3309 449 3369 tur
475 3306 552 3368 odio.

768 3394 1058 3468 Andronichus.

399 3489 520 3562 Infelix
541 3499 591 3559 est
610 3499 757 3562 mortuus.

669 3662 684 3678 χ
809 3601 830 3663 J
838 3601 1024 3665 ohannes.
1169 3667 1173 3677 Ι

398 3699 593 3766 Recedamus
615 3721 767 3782 suumque
789 3703 909 3767 diabolo
932 3703 1028 3766 filium
1049 3701 1267 3783 relinquamus.
1296 3701 1427 3764 Nosau-

398 3811 463 3869 tem
485 3808 565 3867 diem
587 3807 694 3880 istum,
718 3809 749 3866 et
770 3825 826 3885 pro
848 3805 987 3866 miranda
1010 3804 1176 3866 Calimachi
1196 3806 1373 3879 mutatione,
1397 3809 1430 3868 et

397 3931 454 3992 pro
476 3910 637 3990 utriusque
658 3907 901 3984 resuscitatione,
925 3927 995 3968 cnm
1008 3907 1126 3969 laetitia
1147 3927 1285 3989 agamus,
1308 3911 1429 3991 gratias

398 4075 606 4104 m*-
639 4075 645 4082 '

423 4161 463 4217 oo)
476 4161 560 4204 surr.
577 4142 634 4204 reaia
647 4160 670 4203 u
685 4155 717 4204 u.
744 4159 782 4214 ar)
797 4161 968 4214 nostium,
983 4157 1007 4204 o.
1024 4173 1046 4205 u.
1061 4159 1085 4207 s.
