3122 4894
558 451 797 522 „203-

576 629 789 694 lohannes

163 731 234 796 Non
255 749 333 809 mea,
346 731 387 816 ⁸³)
409 732 465 794 sod
487 729 601 796 Obristi
620 735 737 798 virtute
757 735 867 816 paruit.

528 852 825 918 Andronichus.

164 953 242 1018 Ideo
265 955 354 1018 citius
377 955 458 1018 dioto
481 957 616 1019 evanuit.

575 1075 783 1141 lohannes

164 1179 252 1240 Dens
282 1178 564 1263 incircumscriptus
594 1183 626 1243 et
653 1181 977 1264 incomprehensibilis,
1009 1175 1141 1268 simple'x
1163 1185 1196 1247 et

167 1281 408 1358 inaestimabilis,
435 1283 488 1362 qui
509 1284 593 1345 solus
616 1304 650 1346 es
672 1285 713 1361 id,
736 1287 816 1367 quod
835 1307 878 1364 es,
902 1287 961 1368 qui,
985 1286 1109 1347 diversa
1134 1287 1194 1348 duo

165 1385 295 1460 socians,
319 1405 360 1445 ex
382 1383 440 1446 hoo
463 1388 493 1447 ot
515 1386 574 1447 boc
601 1388 754 1450 hominem
776 1389 877 1470 fingis,
905 1391 1075 1470 eademque
1097 1389 1193 1450 disso-

166 1487 260 1562 cians,
290 1507 393 1561 unum,
424 1489 505 1568 quod
527 1491 696 1566 constabat,
726 1493 866 1569 resolvis,
892 1494 977 1574 jube,
999 1493 1042 1566 ut,
1064 1492 1193 1553 reducto

161 1590 264 1654 halitu
293 1590 508 1672 disjunctaque
538 1593 718 1673 compagine
747 1613 856 1655 rursus
890 1595 1092 1670 conliminata,
1115 1591 1193 1656 Cali-

162 1694 290 1755 machus
311 1697 459 1775 resurgat
479 1695 600 1776 plenus,
622 1697 657 1757 ut
679 1696 746 1773 suit,
769 1698 868 1773 homo,
898 1717 957 1778 quo
986 1698 1024 1759 ab
1055 1697 1193 1758 omnibus

165 1797 383 1878 magnificeris,
406 1798 459 1880 qui
480 1799 564 1860 solus
585 1798 725 1860 miranda
747 1799 894 1881 operaris,

47 2003 55 2012 ι
533 1917 827 1981 Androniohus.

162 2019 273 2082 Amen.
295 2019 443 2082 -Ecce
465 2021 578 2084 uitales
599 2022 743 2104 auras³⁴)
767 2023 874 2106 carpit,
897 2021 953 2085 sed
974 2040 1052 2104 prae
1069 2022 1194 2104 stupore

161 2123 264 2186 adhuc
286 2123 423 2206 quiescit.

564 2211 781 2274 lohannes

161 2309 344 2388 Calimache,
368 2332 462 2392 surge
484 2311 516 2373 in
536 2310 651 2375 Christi
672 2315 803 2389 nomine,
827 2317 867 2390 ct,
891 2317 1056 2396 utcumque
1086 2333 1120 2376 sc
1140 2334 1192 2376 ros

158 2415 281 2490 habeat,
316 2415 475 2492 confitere3
509 2417 708 2496 quantislibet
730 2417 880 2479 obnoxius
903 2417 945 2477 sis
974 2417 1066 2492 vitiis,
1089 2418 1191 2498 profe-

159 2537 221 2594 ras,
243 2537 283 2578 ne
304 2537 360 2581 nos
383 2517 487 2599 vol³⁵)
508 2518 540 2579 in
561 2520 680 2582 modico
702 2521 797 2582 lateat
818 2520 944 2582 veritas.

544 2636 810 2700 Calimachns.

161 2740 288 2820 Negare
310 2759 440 2821 nequeo,
456 2740 529 2820 quin
550 2742 695 2822 patrandi
717 2761 811 2804 causa
833 2741 977 2803 facinoris
1000 2741 1191 2816 accesserim,

160 2844 232 2924 quia
262 2843 379 2904 infelici
410 2843 583 2921 languuore
617 2845 812 2906 tabescebam
840 2865 898 2906 nec
932 2844 1040 2906 inliciti
1072 2847 1192 2906 aestum

159 2947 270 3007 amoris
294 2965 490 3026 compescere
512 2949 659 3028 poteram.

575 3067 787 3131 Jobannes

163 3169 253 3240 Quae
277 3168 438 3247 dementia,
469 3191 548 3251 quae
570 3172 690 3234 insania
710 3180 743 3234 te
765 3171 896 3253 decepit,
926 3173 961 3233 ut
988 3170 1080 3232 castis
1101 3189 1191 3251 prae-

159 3290 299 3334 sumeres
311 3273 495 3353 fragmentis
510 3275 641 3356 alioujus
655 3276 798 3355 injuriam
804 3275 947 3340 conferre
959 3274 1190 3340 dehonestatis?

544 3390 809 3455 Calimachus

158 3495 291 3577 Propria
303 3495 434 3557 stultitia
445 3494 599 3577 hujusque
607 3496 772 3558 Fortunati
782 3495 976 3556 fraudolenta
987 3495 1028 3576 ³⁰)
1041 3494 1190 3576 deceptio.

568 3615 778 3677 lohannes

159 3717 241 3778 Num
263 3717 377 3799 triplici
398 3717 565 3780 infortunio
587 3719 664 3780 adeo
687 3718 797 3779 infelix
820 3715 946 3778 effectus
970 3735 1013 3792 es,
1036 3717 1070 3777 nt
1092 3715 1191 3791 nefas,

160 3822 241 3900 quod
262 3821 397 3896 voluisti,
420 3822 571 3904 perficere
592 3823 725 3904 posses?

181 4088 219 4142 33)
235 4089 285 4130 Non
301 4101 374 4144 meo,
393 4090 424 4134 Μ.
451 4090 489 4144 34)
503 4090 534 4134 Μ.
552 4089 590 4132 bat
604 4089 665 4132 rrlobt
682 4100 785 4143 aures,
800 4103 818 4131 s.
835 4089 866 4133 Μ.
881 4101 903 4142 p.
915 4089 960 4132 192.
972 4087 1066 4132 Anao.
1092 4085 1130 4143 35)
1144 4084 1189 4128 rel

233 4157 292 4200 fehlt
305 4159 328 4202 lo
343 4160 367 4206 C.
381 4173 405 4204 u.
419 4158 442 4204 S.
470 4161 508 4216 ³6)
524 4158 730 4212 fraudulenta,
748 4158 772 4203 C.
788 4158 811 4202 s⁴
827 4169 850 4199 n.
866 4158 912 4214 Mg.
