3134 4896
567 499 781 565 251...

230 676 305 758 Ipsi‚
329 677 381 756 qui
402 694 526 736 mensas
550 679 676 758 ponunt,
698 675 829 758 dapibus
852 680 1003 754 oneratas,

276 777 446 841 Poscentes
468 779 595 840 tandem
617 779 741 840 solvere
763 798 834 842 sero
856 779 976 842 famem.

231 882 294 944 Sed
316 882 402 963 prins
423 881 593 944 invalidam
611 882 704 962 jussit
717 882 895 964 'procedere
917 883 1048 958 turbam,

277 969 380 1056 Quam
400 986 503 1046 suevit
523 1004 630 1053 mensa
651 967 781 1066 pascere
803 1005 897 1067 saepe
919 1005 984 1061 sua,

140 1087 214 1153 215.
232 1089 280 1150 Ac
304 1090 436 1170 propriis
459 1089 526 1171 ipsa
547 1089 687 1150 manibus
709 1087 802 1170 plene
824 1092 974 1164 saturata,

280 1192 320 1254 Se
343 1193 468 1254 tandem
489 1211 597 1253 mensa
618 1191 752 1272 applicat
773 1193 921 1274 apposita.

232 1297 429 1357 Accumbunt
451 1295 568 1376 pariter
590 1295 711 1370 Franci,
734 1315 791 1376 per
812 1297 932 1358 moenia
954 1296 1024 1371 iusi,

274 1396 443 1461 Gustantes
467 1397 593 1459 bachica
613 1414 743 1460 munera
764 1398 889 1460 laetitia

315 1501 441 1563 Interea
464 1519 603 1562 somnum
625 1500 711 1562 sidus
733 1501 884 1564 suadebat
905 1522 988 1578 eous,
1101 1531 1105 1541 =
1181 1571 1188 1580 ί

140 1604 214 1668 220.
277 1605 306 1667 N
309 1625 351 1666 ox
375 1604 476 1666 vicine
497 1603 605 1682 nigros
628 1607 660 1664 et
681 1603 804 1665 minitat
823 1607 977 1680 tenebras,

227 1709 331 1788 Atque
357 1707 444 1788 quies
468 1707 576 1788 epulas
599 1706 699 1768 subito
719 1709 910 1786 sequebatur
931 1707 1037 1782 amica,

272 1811 410 1892 Serpens
433 1829 489 1892 per
513 1812 659 1884 membra,
682 1791 833 1872 ebrietate
856 1810 937 1872 duta.

228 1916 302 1975 Dux
323 1914 396 1995 pius
418 1913 589 1974 insomnem
611 1913 713 1994 coepit
733 1913 936 1974 transducere
958 1915 1088 1989 noctem,

274 2017 401 2078 Intenta
423 2015 586 2077 Dominum
606 2036 683 2078 uoce
706 2016 861 2096 precando
883 2037 980 2088 suum.

138 2117 215 2182 225.
320 2120 488 2198 Postquam
509 2139 573 2182 nox
596 2118 699 2180 scissis
723 2119 866 2193 discessit
887 2121 970 2182 victa
992 2119 1139 2195 tenebris,

269 2223 341 2284 Lux
366 2231 433 2284 orto
455 2223 580 2303 plagam
602 2222 745 2284 cinxerat
767 2223 953 2298 aetheream,

227 2327 393 2388 Venerunt
413 2325 512 2407 pueri,
534 2326 667 2387 tironum
689 2329 773 2386 sorte
795 2325 895 2407 potiti,

272 2423 437 2492 Portentes
461 2427 525 2490 cari
547 2428 691 2490 calcioles
714 2428 834 2504 domini,

223 2533 265 2594 Et
285 2533 410 2613 pulsent
431 2533 541 2605 aulam,
564 2531 661 2596 noctis
683 2552 740 2613 pro
761 2535 900 2612 tempore
923 2532 1067 2606 clausam,

135 2635 209 2699 230.
266 2635 408 2710 Orontes,
431 2635 548 2696 aditum
564 2636 630 2716 jam
651 2634 719 2696 lieri
740 2635 886 2716 patulum

225 2739 287 2801 Sed
309 2741 374 2800 dux
394 2738 552 2820 paulisper
574 2738 667 2812 siluit,
689 2758 829 2800 somnum
850 2756 972 2819 quoque
994 2737 1093 2811 finxit,

267 2843 351 2917 Post,
372 2843 461 2904 velut
483 2861 500 2903 e
521 2860 627 2904 somno
649 2841 802 2922 evigilans
822 2842 976 2922 gravido,

227 2945 356 3008 Solvere
380 2945 500 3008 custodi
521 2946 629 3007 vectes
647 2945 737 3024 jubet
756 2944 929 3020 interiores,

266 3049 410 3110 Pandere
433 3047 599 3111 triclinium
620 3041 828 3128 militibusque
850 3067 949 3123 suum,

137 3149 211 3214 235.
227 3152 286 3214 His
308 3152 500 3226 introductis,
523 3147 680 3233 lympham
701 3152 841 3214 manibus
862 3152 941 3234 petit
962 3150 1048 3225 albis,

270 3253 332 3317 Sed
354 3257 432 3316 nutu
453 3253 575 3316 Domini
598 3254 698 3316 deluit
719 3255 884 3318 altithroni.

226 3357 313 3420 Tunc
335 3357 384 3418 vir
406 3377 543 3432 securus,
566 3354 679 3419 Christi
700 3357 817 3440 pie-tete
838 3360 957 3432 beatus,

268 3459 368 3523 Unum
392 3461 430 3522 de
454 3458 559 3541 pueris
582 3461 666 3522 ocius
690 3458 836 3540 egregiis,

224 3562 267 3627 Ut
289 3565 345 3625 sibi
367 3564 506 3624 deferret
525 3562 655 3642 virgam,
677 3552 769 3638 misit,
792 3564 999 3634 memoratam,
1068 3645 1069 3648 Ἴ
1189 3634 1194 3642 Ι

134 3664 209 3728 240.
268 3666 370 3738 Quem
391 3687 461 3728 sero
484 3666 641 3747 proprium
662 3665 731 3728 fixit
752 3665 784 3724 in
806 3664 957 3726 artiolnm.

308 3769 377 3846 Qui,
402 3789 495 3832 cursu
515 3769 623 3852 rapido
646 3769 784 3832 saliendo
806 3788 863 3852 per
884 3765 1013 3830 herbida
1034 3779 1117 3840 rure,

134 3923 316 3938 -n-n—-n-

159 4009 207 4052 w.
226 4009 307 4060 lpse,
321 4003 353 4049 ll.
368 4005 424 4051 ul’.
440 4003 601 4061 honeratis,
616 4005 646 4048 bl.
673 4008 720 4052 21⁷.
733 4006 899 4060 hecubam,
915 4003 947 4050 u.
974 4005 1022 4049 218.
1039 3999 1169 4054 beelim,

219 4076 240 4116 d.
255 4075 308 4118 cod.
326 4077 364 4118 ant
377 4081 433 4117 stols
447 4089 489 4118 our
502 4079 547 4117 clu
563 4088 581 4116 c.
607 4077 654 4119 219.
670 4088 764 4132 ecum,
778 4076 802 4118 C.
817 4089 839 4120 u.
854 4075 877 4117 S.
904 4077 951 4120 lib.
966 4074 1082 4124 scistis,
1100 4071 1131 4114 Μ.
1146 4083 1168 4112 ιι.

216 4145 303 4189 1³.aas.
320 4144 480 4199 calceolos,
496 4145 520 4190 c.
536 4144 588 4187 ωδ.
604 4142 880 4202 idhmultlbusque,
895 4141 1166 4200 M.;P.eorrrgutrnm1·

216 4212 330 4258 litibus.
359 4213 400 4256 238
423 4213 595 4278 egregiam.
967 4264 1013 4336 4*
