3134 4896
594 395 809 468 ..37-

273 577 403 653 „Quove
425 577 514 640 modo
536 577 611 640 solio
633 597 782 658 praesens
804 579 906 639 estere
928 574 1088 640 tremendo

275 682 370 762 „Ejus
392 699 564 763 praesumo,
586 682 704 743 tibimet
725 683 848 742 veniam
867 682 1055 762 rogitando?

184 781 258 846 220.
276 785 355 860 ,,Α11
376 804 481 845 omnes
502 785 623 864 culpes,
644 785 675 846 in
695 804 744 846 me
765 785 898 847 fortasse
918 788 1073 866 patratas,

275 886 418 962 „Affectu
437 887 549 947 mentis
571 887 625 947 tibi
645 908 718 948 mox
738 888 884 966 indulgeo
905 887 1011 965 gratis,

276 989 393 1064 „Omne
415 1009 514 1068 genus
535 989 660 1049 nimium
681 990 752 1068 quia
772 990 866 1068 diligo
889 981 1140 1050 christicolarum.

271 1091 365 1167 „lllos
385 1091 551 1174 praecipue
575 1093 682 1154 tenero
699 1093 755 1152 sed
776 1092 887 1153 mentis
906 1109 1010 1152 amore

275 1193 406 1272 „Diligo²
428 1194 577 1269 consolor,
598 1195 729 1276 propriis
752 1195 919 1276 amplector
939 1197 971 1254 et
989 1193 1080 1266 ulnis,

186 1292 259 1358 225.
276 1296 383 1371 „Quos
406 1299 573 1358 exorantes
593 1299 710 1360 crebris
731 1298 913 1378 hymnisque
929 1299 1079 1358 recentes

274 1399 465 1478 „invigilare
484 1419 552 1460 meo
575 1419 667 1460 cerno
688 1401 865 1481 saepissime
885 1400 1009 1480 templo.

273 1502 427 1577 „Materni
449 1503 505 1562 sed
526 1503 575 1563 111
596 1503 684 1563 111111
706 1523 756 1564 me
778 1505 860 1584 cogit
880 1504 1000 1576 amoris,

273 1605 374 1680 „Hinc
394 1606 493 1684 magis
514 1623 590 1684 erge
611 1608 643 1667 tc
665 1605 755 1666 nimio
777 1607 936 1666 lervesere
957 1605 1032 1680 zelo,

272 1708 383 1782 „Quod
404 1709 646 1789 praesumpsisti,
667 1709 836 1769 tradendus
856 1707 1029 1790 perditioni,

188 1807 263 1876 230.
278 1810 543 1891 „Blesphemando
563 1811 624 1873 mei
644 1814 784 1873 sanctum
806 1814 1023 1892 contempnere
1042 1811 1157 1883 natum,

272 1913 355 1988 „Qui
370 1915 455 1975 Deus
476 1917 630 1989 aeternus,
650 1915 689 1974 de
708 1916 798 1994 patre
818 1914 884 1975 Deo
905 1914 1084 1994 generatus,

271 2016 387 2091 „Retro
407 2017 548 2098 principii
566 2017 733 2098 primordie
754 2035 831 2080 1111
851 2017 955 2078 sereni

270 2118 340 2194 „Ex
360 2139 409 2179 me
430 2121 576 2198 dignatus
599 2121 729 2201 sumpsit
749 2124 805 2182 sub
826 2124 965 2202 tempore
985 2138 1106 2201 corpus,

271 2217 382 2297 „Quod
403 2223 490 2284 dedit
508 2224 661 2285 humanae
681 2225 772 2285 morti
791 2223 924 2286 nationis
943 2227 1075 2284 amore.“

185 2319 258 2385 235.
316 2325 403 2385 Telis
425 2325 540 2386 dicenti
559 2330 663 2388 castae
686 2325 799 2388 Christi
819 2326 962 2406 genitrici

269 2425 328 2488 Vir
347 2448 488 2490 moerens
509 2430 610 2491 animo
632 2432 739 2491 contra
759 2430 803 2490 sio
821 2431 905 2490 fatur
924 2447 1042 2490 amaro:

183 2542 188 2550 ’
269 2529 315 2604 „O
335 2549 404 2592 1111
425 2533 544 2608 domne,
565 2533 628 2594 scio
648 2531 835 2612 nimiumque
856 2534 981 2594 tabesco
1001 2530 1136 2606 sciendo,

269 2633 363 2708 „Plus
379 2636 463 2715 justo
484 2636 556 2716 quia
576 2635 699 2716 deliqui,
722 2655 777 2716 spe
799 2637 906 2716 ceptus
925 2633 1019 2708 inani,

268 2733 432 2811 „Commisi
452 2740 570 2800 cunctis
591 2738 710 2800 facinus
731 2738 814 2800 111111
838 2757 959 2819 quoque
979 2737 1079 2819 pejus,
1105 2717 1110 2728 ¹

184 2834 256 2899 240.
270 2839 494 2920 „Despiciendo
513 2843 622 2917 Deum,
646 2843 685 2902 de
708 2844 739 2902 te
760 2842 827 2902 sine
848 2841 940 2902 sorde
959 2840 1128 2922 profusum.

269 2941 370 3017 „Hinc
391 2963 452 3004 non
472 2964 540 3004 sum
561 2945 673 3024 dignus
693 2945 804 3005 111111
825 2945 1006 3024 conquirere
1026 2963 1146 3018 munus,

268 3045 350 3120 „Sed
370 3050 474 3108 temen
496 3048 673 3128 exemplum
691 3047 779 3109 nobis
800 3049 937 3109 tribuere
957 3047 1066 3108 salutis
1140 3051 1143 3058 ’

268 3147 477 3230 „Sperandae
497 3151 672 3212 multivario
693 3151 745 3231 qui
765 3150 891 3210 crimine
911 3149 999 3231 lapsi,

268 3252 363 3328 „Post
382 3253 503 3334 lapsum
524 3255 678 3314 scelerum
697 3253 821 3314 veniam
838 3271 981 3314 meruere
1002 3268 1135 3312 suorum.

182 3349 254 3414 215.
268 3355 397 3430 „Nonne
419 3356 576 3418 Ninivita'e
597 3357 702 3417 mitem
724 3353 838 3414 Christi
857 3357 1012 3435 pietatem,

270 3457 366 3532 „Sese
388 3460 548 3538 condignis
570 3458 742 3519 cruciantes
764 3476 895 3535 nemque
915 3457 1068 3528 lamentis,

268 3560 442 3636 „Invenere
463 3563 557 3622 trium
574 3564 645 3641 post
663 3560 828 3621 1111111111
848 3559 990 3619 dierum?

266 3663 396 3739 „Nonne
416 3665 525 3737 David,
546 3666 696 3745 propheta
718 3663 786 3736 Dei,
808 3661 951 3743 princeps
972 3681 1094 3742 quoquc
1119 3661 1209 3742 regni

267 3765 414 3841 „ludoici
434 3767 557 3847 plebem
576 3766 697 3827 Domini
718 3765 770 3845 qui
789 3766 872 3826 rexit
894 3763 1031 3837 herilem,

181 3865 254 3930 250.
267 3869 397 3943 „illicito
418 3873 533 3951 nuptae
552 3872 652 3932 subito
673 3875 861 3952 praeventus
881 3885 994 3942 amore,

205 4123 254 4166 139.
273 4121 360 4164 facinus
376 4123 470 4174 sunjus
488 4136 575 4180 qnoque
590 4126 700 4179 poenis„
714 4123 739 4166 C.
756 4136 777 4164 u.
792 4120 815 4163 S.
