3134 4896
441 449 771 522 .-91·-

281 625 373 700 Corte
395 631 465 712 post
486 628 622 696 triduum
643 651 753 696 rursus
775 632 920 698 veniebat
941 633 981 696 ad
1002 634 1098 714 illum,

241 732 279 794 In
301 735 372 795 risu
393 732 504 795 veniae
526 755 637 796 munus
659 756 804 799 reserans
826 742 998 818 reparatae,

234 835 276 897 Et
296 838 386 898 vultu
409 838 490 899 lacto
514 839 704 920 deprompsit
725 842 799 902 talia
821 843 934 904 verba:

142 935 218 1000 350.
235 938 303 1014 „En
322 940 360 1002 tis
382 940 432 1001 vir
444 941 574 1016 Domini,
596 942 694 1004 tristis
716 944 899 1024 conpunctio
922 945 1023 1006 cordis

237 1042 314 1117 „Est
335 1047 463 1125 accepta
484 1044 560 1119 Deo,
582 1046 725 1126 patrique
746 1047 887 1128 prolique
912 1049 1051 1129 perenni,

239 1146 362 1232 „Atque
385 1149 457 1206 tuae
479 1147 624 1208 lacrimae
646 1151 802 1226 scelerum
823 1152 947 1212 veniam
966 1171 1117 1218 meruere.

233 1247 317 1324 „Sed
338 1269 397 1310 nec
419 1249 563 1312 tartareis
586 1253 693 1332 poeuis
718 1272 862 1333 umquam
885 1254 1024 1335 capieris,

235 1351 289 1427 „si
310 1357 383 1434 post
404 1354 482 1414 baec
503 1357 645 1434 perstare
670 1357 756 1436 cupis
779 1357 845 1418 siue
868 1358 978 1418 fraude
999 1357 1127 1420 fidelis.“

146 1451 306 1536 355.1pse
329 1456 452 1535 quidem
474 1461 582 1519 contra
603 1478 676 1520 mox
698 1459 820 1521 dicebat
841 1481 934 1541 prece
957 1461 1085 1524 blanda:

237 1556 348 1632 „Certe
371 1563 503 1622 servabo
526 1579 633 1622 sacrae
656 1562 727 1622 fidei
750 1563 932 1624 documenta

230 1661 317 1736 „Nec
338 1664 409 1742 post
430 1663 507 1724 haec
528 1664 610 1724 ultra
632 1666 712 1725 male
735 1666 957 1744 transgredior,
978 1665 1176 1744 neglegendo

233 1763 427 1844 „Quicquam
449 1767 488 1826 de
511 1767 635 1841 vestris,
664 1786 733 1828 mea
754 1768 864 1829 domna
886 1768 1030 1849 piissima,
1050 1769 1155 1848 jussis,

231 1867 295 1941 „Te
318 1868 390 1947 quia
412 1872 482 1950 post
503 1869 667 1930 Dominum
689 1871 787 1932 solam
814 1871 956 1931 conferre
979 1871 1132 1932 medelam

144 1967 219 2032 360.
235 1969 364 2052 „Spero,
387 1992 445 2052 quo
468 1973 575 2053 poeuis
597 1973 753 2054 pabulum,
775 1993 837 2034 non
858 1975 985 2047 tartara,
1008 1974 1115 2036 mavis.

230 2073 312 2147 „Sed
334 2093 395 2136 non
418 2078 467 2136 ost
487 2075 605 2149 mirum,
629 2095 686 2157 per
708 2079 740 2136 to
762 2096 811 2137 me
831 2078 895 2158 jam
910 2078 977 2138 sore
999 2077 1128 2151 salvum,

230 2176 310 2251 „Per
332 2196 427 2257 quam
450 2178 488 2238 de
509 2178 626 2240 vetoris
648 2179 735 2266 letali
757 2179 883 2243 crimine
905 2179 1013 2240 matris

229 2277 386 2354 „Omnem
407 2281 499 2341 dante
514 2281 589 2356 Deo,
612 2282 759 2344 mundum
781 2285 868 2362 patet
890 2303 960 2344 esse
985 2283 1129 2357 solutum,

231 2380 291 2456 „Et
313 2382 389 2461 quis,
412 2387 443 2443 to
463 2403 595 2464 poscens
617 2405 681 2465 spe,
703 2405 765 2445 non
786 2384 939 2463 dubiaque
961 2385 1133 2464 requirens,

145 2481 217 2545 365.
229 2484 399 2560 „Desertus
422 2487 534 2560 luerat,
555 2487 608 2549 vol
631 2489 776 2548 confusus
798 2488 980 2548 remeabat?

229 2587 329 2662 „Hinc
352 2591 420 2668 ego',
444 2589 618 2650 criminibus
641 2593 690 2652 sat
709 2590 860 2670 supremis
882 2590 1018 2663 vitiatus,

229 2689 435 2773 „Suppliciter
457 2693 573 2754 fontem
595 2693 708 2754 devota
727 2697 830 2754 mente
851 2711 1029 2773 perennem,

228 2793 339 2868 „Alma
359 2794 418 2856 Dei
439 2795 586 2874 genitrix,
608 2815 703 2857 exoro
726 2799 797 2858 tuae
818 2796 951 2877 pietatis,

228 2895 289 2970 „Ut
310 2897 406 2958 facias
428 2899 554 2960 chartae
566 2898 673 2958 literas
686 2899 834 2980 extimplo
854 2899 1017 2974 nefandae,

140 2995 213 3060 370.
226 2999 324 3075 „Quis
346 3020 395 3060 mo
419 3000 566 3081 subjunxi
587 3001 753 3063 vastatoris
774 3002 890 3075 ditioni,

227 3101 322 3183 „Ejus
343 3103 383 3164 dc
403 3105 542 3166 manibus
566 3104 712 3165 miserum
733 3125 783 3166 me
803 3125 927 3166 sumere
948 3121 1081 3178 rursum,

224 3205 325 3281 „Hinc
345 3206 477 3266 animam
500 3206 629 3268 formido
649 3227 750 3270 meam
771 3207 841 3288 quia
862 3209 943 3269 forte
962 3207 1114 3268 misellam

224 3308 395 3389 „Tempore
412 3309 519 3390 judieii
540 3309 636 3370 multo
658 3310 833 3372 discrimino
853 3310 944 3385 laedi,

224 3409 277 3485 „Si
298 3431 379 3472 nuuc
399 3411 549 3492 praedoni
571 3432 632 3472 non
653 3417 701 3472 est
721 3412 1012 3473 contractaremus

138 3509 211 3574 375.
269 3513 328 3574 His
349 3514 447 3588 dictis,
472 3514 568 3576 oculis
589 3515 700 3577 iterum
721 3514 871 3594 vigilabat
891 3514 1007 3594 apertis

222 3614 263 3676 Et
285 3636 319 3676 se
340 3619 541 3698 prosternens
562 3618 714 3698 precibus,
736 3618 846 3678 crebro
869 3635 990 3696 quoquo
1011 3615 1138 3691 deflens,

222 3717 396 3799 Jejunando
417 3719 511 3781 trium
532 3737 642 3780 cursus
663 3720 808 3800 agitergo
829 3719 957 3780 dierum.

219 3819 295 3882 Post
315 3823 391 3882 haec
413 3842 430 3882 e
451 3843 555 3884 somno
577 3842 647 3884 oum
667 3823 804 3884 surrexit
824 3841 914 3883 mano
937 3841 1062 3896 summo,

140 3949 322 3960 -n-—.

154 4005 202 4054 347.
223 4011 393 4066 veniebant,
408 4011 438 4054 bl.
453 4025 476 4057 u.
492 4013 517 4058 P.
538 4013 585 4058 357.
601 4013 816 4068 transgrediar,
833 4013 855 4055 C.
871 4011 926 4056 u.S.
941 4013 986 4056 362-
1002 4011 1114 4052 laetari
1129 4010 1169 4050 ‹ri-

216 4083 288 4133 urine,
313 4081 377 4124 Μ-υ.
402 4081 426 4126 l’.
453 4083 736 4138 scs.oxore,u.o.r,
761 4084 806 4128 37⁰.
823 4085 967 4137 tantoris,
983 4081 1018 4124 M.
1033 4094 1054 4124 u.
1069 4080 1093 4121 Ρ.
1120 4079 1168 4122 ³l8.

226 4149 423 4206 consumatae.
443 4165 462 4198 u,
482 4151 504 4197 S.
