3144 4888
587 397 824 468 -103-

277 577 369 641 Eruit
392 580 423 640 et
438 576 587 660 ‚proprios
610 597 726 638 summo
749 576 789 638 do
809 575 927 640 vertice
949 575 1037 658 pilos,

278 683 407 748 Necnon
429 681 612 742 uerberibus
633 680 768 762 pulsavit
790 679 897 740 sedulo
919 682 1037 759 pectus,

280 783 356 847 Cum
377 784 510 846 lacrimis
533 785 612 844 tales
635 802 786 864 spargens
809 801 903 863 supra
925 783 1053 844 aethera
1074 800 1183 844 voces:

192 886 263 952 155.
277 888 444 968 „Quisquis
466 887 649 968 praedulces
671 906 732 946 non
754 886 823 947 vult
844 885 951 946 audire
972 888 1128 968 parentes,

279 993 473 1072 „Numquam
494 991 641 1088 salvatur,
666 989 745 1069 quod
768 989 827 1048 hac
848 987 968 1050 ratione
990 989 1146 1069 probatur.

278 1096 377 1172 „Heu
400 1096 470 1170 heu,
493 1093 691 1174 splendorem
709 1090 770 1152 diei
793 1110 847 1152 cur
869 1092 943 1152 nata
965 1090 1079 1172 recepi,

276 1199 358 1276 „Vel
380 1217 435 1260 our
458 1197 600 1258 continuo
622 1215 684 1256 non
706 1214 774 1254 sum
796 1212 943 1256 concessa
965 1194 1145 1275 sepulchro!

279 1301 415 1377 „infelix
437 1301 560 1362 foveam
582 1299 725 1360 caderem
747 1315 785 1355 ne
808 1297 915 1358 mortis
937 1297 968 1358 in
987 1300 1113 1360 atram“

192 1403 262 1469 160.
319 1404 407 1466 Haeo
430 1405 502 1464 dum
523 1403 647 1464 tristitia
670 1400 791 1460 dicebat
813 1399 999 1476 continuata,
1040 1447 1043 1452 -

280 1505 402 1588 Oonjux
423 1507 506 1568 illius
529 1505 629 1568 subito
651 1503 738 1564 venit
759 1500 933 1564 scelerosus

278 1609 320 1673 Et
342 1612 380 1672 de
403 1629 437 1670 se
460 1610 554 1670 salsas
573 1607 692 1691 juravit
713 1625 764 1665 res
787 1605 854 1666 fore
878 1607 984 1668 dictas.

277 1715 365 1785 Qirae
387 1735 460 1774 mox
483 1711 635 1773 constanti
655 1707 823 1790 respondet
844 1729 921 1770 voce
943 1711 1086 1790 neganti:

277 1817 330 1893 „Si
350 1837 423 1878 reus
445 1816 580 1894 ingentis
605 1815 714 1894 culpae
732 1812 798 1892 jam
820 1810 953 1892 denique
975 1834 1038 1874 non
1059 1813 1110 1888 sis,

192 1917 262 1983 165.
275 1920 409 1996 „Laetus
431 1918 471 1980 ad
491 1919 652 1980 ecclesiam
673 1933 792 1978 mecum
822 1939 891 1984 oras
920 1917 1043 2002 pergito
1073 1917 1220 1991 sanctam,
1326 2003 1329 2010 Ι

277 2025 365 2101 „Illic
387 2025 419 2085 et
438 2026 564 2085 sanotae
587 2023 710 2084 celebra
732 2019 913 2108 sollempnia
934 2022 1075 2084 missae.“

278 2128 348 2199 Qua
369 2147 443 2188 mox
465 2126 606 2188 devictus
624 2128 710 2207 justa
731 2126 850 2190 ratione
872 2127 1021 2200 misellus,

281 2229 414 2292 Causam
435 2230 588 2292 commissi
608 2229 747 2295 narravit
768 2247 900 2313 namque
922 2228 1022 2313 piacli.

277 2333 408 2414 Illoque,
430 2323 591 2396 mollitiem
608 2335 673 2415 jam
693 2336 851 2418 deponens
872 2334 1055 2398 muliebrem

196 2435 264 2500 170.
280 2437 322 2498 Et
344 2457 468 2498 sumens
490 2437 575 2498 vires
595 2439 742 2519 prudenti
763 2440 856 2500 corde
877 2437 993 2510 viriles,

279 2540 357 2602 Mox
377 2541 416 2600 ad
435 2540 584 2602 Basiliam
604 2544 749 2604 currebat
770 2561 901 2622 namque
925 2540 1049 2602 beatum

282 2644 419 2718 Necnon,
441 2643 583 2723 vestigiis
605 2663 708 2707 eoram
727 2648 883 2728 prostrata
903 2641 1042 2718 sacratis,

283 2747 390 2810 Utitur
411 2747 459 2808 his
479 2747 593 2823 verbis,
614 2750 737 2810 turbato
759 2754 884 2831 pectore
905 2748 998 2810 fusis:

323 2849 456 2925 „Sancte
477 2851 545 2927 Dei,
568 2852 703 2914 clemens
723 2853 811 2914 nobis
831 2871 978 2914 succurre
998 2848 1136 2924 misellis,

198 2949 268 3015 175.
283 2952 345 3029 „Et
365 2955 455 3015 trahe
478 2954 517 3014 de
538 2953 627 3015 tetris
648 2956 736 3016 saevi
754 2975 810 3018 nos
833 2957 972 3018 lancibus
992 2955 1098 3031 hostis,

282 3056 364 3132 „Qui
385 3060 507 3118 nostras
529 3057 657 3136 fragiles
676 3059 775 3140 jactat
795 3080 834 3124 se*
851 3060 983 3141 perdere
1005 3061 1163 3121 mentes!“

287 3158 424 3240 Cumque
444 3161 568 3222 modum
589 3161 697 3242 culpae
720 3163 888 3224 denudavit
908 3162 965 3224 sibi
986 3164 1101 3238 tantae,

282 3262 424 3326 Vertitur
446 3264 485 3326 ad
508 3284 632 3326 servum
653 3267 779 3347 praesul
799 3265 913 3328 domini
934 3267 1132 3342 scelerosum,

282 3365 330 3427 Ac
352 3367 453 3449 coepit
471 3367 576 3430 verbis
597 3368 684 3428 illum
704 3367 841 3447 rogitare
863 3369 1015 3447 benignis,

198 3466 268 3532 180.
283 3469 367 3548 Post,
377 3471 480 3532 scelus
500 3471 540 3532 ad
562 3469 717 3532 Christum
735 3472 832 3533 vellet
853 3471 879 3530 si
899 3473 1026 3532 vertero
1044 3489 1187 3534 sonsum.

286 3574 355 3649 Qui,
378 3593 413 3634 se
435 3574 550 3637 salvari
571 3575 750 3655 desperans,
771 3574 893 3636 dixerat
913 3573 973 3634 illi:

284 3681 337 3756 „si
358 3684 465 3764 posset
485 3681 561 3756 fieri,
582 3680 752 3744 voluissem
772 3684 876 3744 mente
898 3680 1014 3756 libenti,

253 3999 297 4042 156.
313 3996 371 4050 quod
386 3998 412 4036 ln
431 3997 497 4050 hae..,
512 3997 536 4042 c.
551 4011 573 4040 u.
592 3997 614 4050 S,
650 3997 692 4042 165.
715 4009 843 4051 sueram,
864 3998 888 4039 c.
904 4011 926 4041 u.
944 3999 964 4040 8.
994 3999 1038 4040 166.
1063 3975 1175 4048 celebriis,
1197 3995 1231 4039 Μ.

284 4067 349 4108 dass
371 4069 450 4108 summi
464 4067 684 4120 Abkiiruuugsstrieb
708 4069 738 4107 lst
755 4067 837 4116 jedoeb
851 4078 894 4108 voa
909 4069 1009 4120 spllterer
1028 4066 1101 4122 llcud3
1129 4065 1230 4108 illicet

285 4136 453 4190 celebrans,
477 4136 502 4180 C.
518 4149 541 4178 u.
563 4135 585 4180 S.
623 4134 807 4191 uastauere,
830 4135 861 4176 Μ.
