3144 4888
783 427 1021 494 -128-

387 617 604 695 31661666,
630 619 740 681 victori
761 620 867 682 mortis
888 621 1033 701 vitaeque
1056 621 1162 683 datori.

472 722 550 783 Iade
573 722 705 802 quidem,
728 723 826 803 prima
847 743 975 804 prorsus
995 724 1094 785 forma
1114 727 1273 798 renovata,

470 826 628 886 Processit
647 826 748 902 vivus,
771 826 823 906 qui
844 829 942 887 morte
964 826 1022 887 fuit
1043 827 1203 905 religatus,

471 928 584 1007 Atque,
607 947 663 988 suo
685 929 766 989 tristi
788 949 822 988 se
844 930 1070 1010 praesentando
1092 930 1223 1010 parenti,

470 1030 522 1092 Fit
544 1051 595 1091 res
617 1031 781 1109 gaudendi,
804 1033 907 1092 fuerat
929 1033 980 1092 cui
1000 1051 1095 1092 causa
1116 1032 1248 1093 dolendi.

385 1131 458 1196 315.
474 1133 564 1209 Hinc,
588 1135 696 1194 crebro
719 1135 838 1195 coelum
860 1135 989 1215 pulsans
1012 1136 1144 1196 clamore
1166 1135 1360 1215 profundum,

470 1236 576 1299 Utitur
598 1240 629 1297 et
650 1238 763 1312 verbis,
786 1238 921 1298 suadens
944 1237 1119 1312 studiosius,
1142 1239 1223 1298 istis:

468 1337 622 1414 „Credita
644 1340 762 1401 romani
784 1340 877 1414 cives,
900 1359 985 1418 rogo,
1009 1340 1125 1401 credite
1148 1340 1259 1414 cuncti,

469 1440 568 1518 „Esse
590 1441 690 1502 Deum
712 1440 868 1504 Christum
889 1463 1060 1522 verumque
1081 1443 1261 1524 perenniter
1282 1462 1378 1504 unum

469 1542 565 1619 „Cum
586 1543 679 1605 Patre
702 1545 888 1608 celsithrono
910 1565 1031 1606 necnon
1053 1565 1122 1606 oum
1144 1546 1283 1606 Flamina
1314 1564 1411 1620 sacro,

383 1643 455 1708 320.
468 1645 616 1730 „Semper
637 1651 829 1726 regnantem,
851 1652 1007 1729 sceptrum
1029 1649 1166 1728 coelique
1188 1653 1355 1724 tenentem,

468 1748 551 1826 „Sub
575 1750 688 1812 ditione
711 1771 776 1825 sua,
800 1752 860 1831 qui,
884 1751 1090 1832 complectens
1113 1753 1267 1824 universa,

467 1850 605 1927 „Cuncta
628 1855 847 1932 gubernaculis
869 1855 951 1933 regit
971 1855 1130 1915 inmensae
1153 1854 1306 1916 bonitatis.

467 1953 547 2030 „Hic
569 1957 617 2016 est
640 1957 774 2016 orandus
797 1958 941 2036 solusque
964 1958 1119 2031 colendus,
1142 1957 1300 2031 amandus,

469 2057 559 2132 „Qui
582 2059 667 2138 prius
691 2062 845 2120 errantem
867 2079 987 2120 necnon
1009 2079 1160 2140 perversa
1180 2060 1347 2134 volentem,

385 2155 456 2220 325.
474 2159 595 2235 ,,Μ6616
618 2162 789 2241 repentina,
813 2162 903 2222 citius
925 2181 974 2223 me
997 2163 1235 2244 praevenienda

466 2263 595 2339 „Finem
616 2265 763 2324 stultitiae
787 2265 973 2342 dignabatur
995 2264 1069 2324 dare
1091 2268 1206 2338 tantae,

467 2364 528 2441 „Et
548 2368 626 2446 post,
650 2368 767 2428 erranti
788 2372 948 2448 promptus
971 2368 1059 2430 solito
1081 2367 1229 2442 misereri,

466 2469 626 2549 „Virginis
648 2470 781 2549 Agnetis
802 2473 946 2552 precibus
969 2472 1095 2531 sanctae
1118 2470 1262 2530 studiosis

466 2570 632 2648 „Mollitus
654 2593 778 2636 rursum
799 2575 883 2636 vitae
906 2574 1009 2634 reddit
1030 2576 1240 2634 renovatum.“

381 2669 452 2734 330.
466 2673 510 2734 At
530 2678 628 2754 peter,
651 2678 686 2737 ut
706 2680 813 2738 uatum
834 2677 958 2758 prodire
981 2677 1029 2737 sui
1050 2676 1233 2750 redivivum,

465 2776 646 2839 Perfectum
668 2780 771 2860 specie
794 2779 872 2840 vidit
893 2780 1080 2859 plenumque
1103 2764 1225 2853 decore,

465 2879 629 2941 Interitum
652 2882 786 2943 lacrimis
810 2883 897 2961 cujus
920 2882 1048 2941 deflevit
1070 2880 1190 2954 amaris,

465 2981 542 3043 Mox
564 3003 658 3063 super
679 2984 802 3046 insolita
826 2984 907 3062 signi
928 2983 1066 3044 novitate
1088 2982 1233 3062 stupendi

468 3084 657 3145 Admirando
679 3089 782 3166 pavet,
805 3087 887 3146 laeto
909 3085 965 3146 sed
987 3089 1113 3165 pectore
1136 3085 1261 3163 gaudet.

379 3183 790 3267 33661666666616660
813 3188 925 3248 collum
947 3188 1063 3268 pietate
1085 3191 1224 3269 paterna,

465 3288 554 3349 Mitia
575 3290 736 3369 praedulci
756 3291 910 3352 libaverat
932 3293 1037 3353 oscula
1059 3292 1146 3372 proli,

464 3391 568 3471 Atque
589 3392 690 3453 Deum
711 3413 821 3455 verum
843 3395 979 3455 clamans
1001 3395 1082 3457 dixit
1104 3396 1171 3455 lore
1194 3391 1357 3466 Christum,

465 3491 562 3575 Cujus
584 3497 646 3556 tem
669 3498 802 3558 celerem
825 3501 1031 3578 cognoscebat
1052 3499 1207 3578 pietatem,

465 3594 560 3678 Cujus
582 3602 614 3660 et
634 3599 761 3683 imperio
783 3621 866 3662 mors
888 3602 1106 3663 succumbebat
1128 3617 1240 3675 amara,

381 3803 562 3816 u--a--n

402 3917 449 3965 eu.
466 3922 614 3975 66666616,
630 3919 654 3965 0.
668 3936 690 3965 u.
704 3920 727 3965 S.
742 3923 812 3978 vergi.
825 3923 872 3968 111.
899 3923 945 3968 116.
960 3919 1092 3966 61611661
1103 3917 1178 3976 (661.)
1193 3917 1250 3974 totle,
1269 3917 1309 3974 M.;
1324 3919 1349 3966 P.
1367 3920 1404 3964 16·

454 3990 504 4034 dart
526 3992 548 4032 16
570 3991 749 4035 6161166166.
782 3994 828 4037 317.
855 3997 971 4047 assuete,
993 3991 1023 4032 11.
1063 3990 1109 4034 311.
1131 3991 1329 4044 gubernaclis,
1349 3991 1403 4035 Qu.

455 4058 478 4101 Β.
511 4059 726 4114 113.111666,11.;
745 4061 880 4116 1166661611
891 4064 912 4104 ln
926 4065 976 4107 661.
1013 4061 1169 4113 31166661,
1189 4059 1230 4115 M.;
1244 4059 1269 4108 P.
1283 4059 1405 4104 1666666616

454 4128 499 4174 uad
513 4129 599 4174 161666
613 4128 689 4174 116616
702 4130 737 4174 dle
752 4130 871 4175 0666661616
885 4133 906 4174 16
923 4134 1028 4188 6166166ς
1043 4140 1123 4185 6666,
1137 4127 1161 4176 c.
1176 4140 1198 4176 6.
1215 4127 1239 4172 8.

365 4533 1157 4816 fissi
