3122 4894
579 454 818 522 ...245-

583 629 795 712 Discipuli.

173 737 222 802 Sit
242 737 318 801 satis
340 736 379 799 dc
400 735 470 813 ista,
492 753 681 818 prosequere
704 733 743 794 de
765 735 907 798 humana.

561 835 825 918 Paphnutius.

173 927 256 998 Quid
278 924 317 987 da
339 924 417 986 illa?
797 919 806 940 “

582 1007 793 1090 Discipuli

171 1097 211 1161 In
233 1116 293 1180 quo
314 1093 513 1180 percipiatur.

544 1178 817 1262 Paphnutius,

171 1287 241 1350 Non
272 1286 386 1362 solum,
417 1286 453 1346 ut
482 1282 562 1358 dixi,
591 1282 623 1342 in
655 1283 835 1364 compagine
864 1283 1000 1366 corporis
1022 1285 1055 1347 et
1076 1283 1205 1362 animae,

174 1409 294 1452 necnon
314 1389 347 1449 in
370 1385 531 1449 emissione
552 1405 636 1447 nuno
657 1385 773 1465 gravis,
795 1405 878 1448 nunc
900 1387 1003 1449 clarae
1024 1387 1119 1463 vocis,
1149 1389 1206 1452 sad

175 1493 266 1554 etiam
286 1492 318 1552 in
339 1491 479 1573 pulsibus
501 1507 653 1552 venarum
674 1492 767 1570 atque
790 1489 821 1550 in
844 1489 1038 1570 quorundam
1058 1509 1206 1555 mensura

171 1597 387 1670 membrorum,
402 1594 482 1656 sicut
498 1593 530 1654 in
552 1592 690 1655 articulis
714 1591 888 1671 digitorum,
899 1592 931 1654 in
947 1593 1057 1674 quibus
1080 1594 1206 1658 easdam

171 1699 385 1782 proportiones
406 1695 613 1758 mensurando
636 1695 837 1776 repperimus,
862 1715 938 1776 quas
960 1697 993 1757 in
1014 1696 1204 1780 symphoniis

170 1801 395 1885 praemisimus,
417 1799 489 1880 quia
509 1797 627 1860 musica
649 1798 762 1860 dicitur
785 1799 1001 1862 convenientia
1022 1821 1085 1863 non
1105 1802 1205 1864 solum

171 1924 292 1980 vocum,
314 1903 370 1966 sed
392 1903 485 1965 etiam
507 1902 638 1964 aliarum
659 1901 850 1964 dissimilium
872 1921 986 1965 rerum.
1078 1917 1081 1924 ·

527 2077 532 2095 .
579 2003 794 2086 Discipuli.

170 2110 204 2173 si
232 2107 520 2192 praesciremus,²¹)
558 2109 641 2188 quod
673 2109 849 2190 hujusmodi
880 2109 982 2174 nodus
1015 2110 1205 2192 quaestionis

168 2217 232 2277 tam
254 2213 388 2274 difficilis
410 2213 450 2274 ad
472 2212 655 2273 solvendum
678 2215 763 2274 esset
783 2211 898 2289 insciis,
914 2213 1127 2276 maluissemus
1148 2215 1204 2276 mi-

59 2305 66 2314 ’
168 2335 276 2380 norem
296 2314 444 2376 mundum
465 2313 596 2390 nescire,
619 2333 710 2394 quam
732 2317 853 2378 tantum
882 2315 1069 2379 difficultatis
1091 2317 1203 2381 subire.

179 2427 185 2436 ’
450 2448 459 2464 ·
556 2418 820 2498 Paphnutius.

168 2522 220 2586 Nil
253 2521 355 2598 officit,
390 2520 472 2601 quod
502 2519 691 2597 elaborastis,
727 2519 850 2602 cum22)
881 2523 954 2584 ante
981 2521 1125 2604 ignorata
1147 2542 1202 2586 ex·

167 2625 248 2710 perti
270 2625 353 2687 estis.

580 2707 791 2790 Discipuli.

167 2813 301 2890 Verum3
330 2811 386 2874 sed
407 2810 514 2872 taedet
534 2829 590 2872 nos
612 2812 841 2894 philosophicae
869 2811 1098 2895 disputationis,
1129 2812 1202 2896 quia

167 2918 328 2998 nequimus
339 2916 380 2997 2³)
403 2933 497 2976 sensu
520 2913 639 2976 emetiri
657 2911 840 2996 'scrupulum
860 2918 932 2978 tuae
954 2917 1091 2982 rationis.

552 3017 817 3100 Paphnutius.

167 3119 230 3184 Cur
251 3141 300 3184 me
322 3120 459 3199 illuditis,
482 3122 535 3204 qui
544 3121 586 3203 2⁴)
608 3122 700 3203 plane
730 3142 798 3184 sum
820 3121 952 3199 nescius,
979 3142 1042 3188 non
1064 3123 1199 3207 philoso-

167 3225 272 3307 phua?

579 3307 793 3388 Discipuli.

164 3410 207 3475 Et
227 3411 310 3474 unde
332 3411 388 3476 trhi
409 3412 496 3489 haec,
519 3431 599 3494 quae
620 3431 677 3474 nos
699 3411 858 3492 fatigando
880 3411 1059 3495 protulisti?

546 3514 811 3597 Paphnutius.

165 3615 304 3679 Tenuem
332 3617 480 3679 scientiae
509 3619 671 3698 guttulam,
694 3636 786 3698 quam
808 3617 847 3678 de
868 3616 969 3698 plenis
992 3616 1124 3680 sciorum
1144 3636 1198 3699 pa·

169 3723 246 3782 teris
256 3721 298 3802 ⁹⁶)
321 3721 509 3798 effluentem,
519 3739 582 3783 non
595 3722 634 3782 ad
657 3720 864 3800 colligendum
884 3720 1034 3795 residens,
1047 3720 1103 3782 sed
1124 3739 1199 3784 casu
1257 3709 1261 3718 ⁵

164 3823 368 3905 praeteriens,
378 3825 555 3906 reppertam
562 3824 681 3900 elambi,
688 3824 1078 3888 vobiscumcommunicare
1086 3823 1198 3886 studui.

189 4091 597 4148 21)prusoclnemno‚0.u.8.
623 4095 662 4150 Ὦ)
678 4095 782 4136 etenim
795 4092 894 4148 suta&
918 4093 959 4150 Μ)
975 4093 1195 4148 quianullum,

240 4161 340 4208 c.a.S.
365 4161 405 4218 al)
421 4161 626 4217 quodpluas.
652 4163 976 4218 murcomannus,
990 4164 1015 4210 c.
1031 4161 1093 4210 ns.
