3122 4894
774 485 817 505 ι-
860 444 1010 520 224-

792 629 999 691 Abraham.

380 731 466 794 Haut
489 733 654 811 abrogabo,
677 750 717 792 ns
743 750 903 811 agnoscar.

814 833 989 915 Ephrem.

379 937 479 998 Recta
501 956 612 1017 prosus
634 935 842 1016 laudabilique
864 936 1049 998 discretione
1065 936 1172 1012 uteris,
1197 937 1224 998 si
1238 936 1363 999 artioris
1375 937 1419 1019 ²⁸)

379 1040 484 1102 frenos
492 1041 521 1079 ²⁸
530 1042 555 1120 ¹¹)
568 1041 784 1101 observantiae
800 1039 1022 1120 aliquantisper
1039 1040 1169 1116 laxabis,
1185 1061 1247 1120 quo
1260 1044 1420 1102 errantem
1453 1077 1455 1082 ·
1480 1033 1486 1070 ³

383 1140 504 1204 Christo
526 1142 665 1203 lucreris.

794 1242 1002 1304 Abraham.

383 1345 430 1408 Eo
452 1346 551 1425 magis
573 1347 614 1407 ad
635 1345 862 1426 audendum2⁹)
883 1345 1003 1421 incitor,
1021 1347 1127 1425 quote
1145 1346 1219 1406 mihi
1232 1347 1264 1407 in
1275 1347 1376 1408 hoc²⁹
1390 1347 1416 1428 ι)

383 1449 563 1510 concordari
585 1467 620 1508 re
643 1448 796 1530 experior.

812 1549 991 1630 Ephrem.

383 1654 446 1725 Qui
460 1653 601 1715 clancula
617 1652 754 1714 cordium
766 1652 933 1731 cognoscit,
956 1671 1018 1732 qua
1028 1652 1199 1714 intentione
1211 1673 1417 1734 unaquaeqne
1481 1691 1485 1698 ,

381 1777 433 1818 res
456 1760 594 1836 geratur,
616 1756 779 1834 intellegit,
801 1774 859 1815 nec
881 1755 913 1815 in
943 1755 1160 1816 discretissimo
1181 1757 1249 1837 ejus
1275 1758 1418 1817 examine

383 1879 457 1920 reue
479 1858 751 1939 praevaricationis
774 1859 922 1932 habetur,
953 1858 1005 1937 qui
1034 1877 1053 1918 a
1075 1859 1237 1920 strictioris
1248 1859 1290 1941 ³⁰)
1312 1860 1418 1938 rigore

383 1961 625 2022 conversationis
648 1961 688 2021 ad
705 1963 825 2040 tempus
840 1961 1056 2022 descendendo
1069 1961 1316 2024 imbecillioribus
1339 1962 1415 2022 assi·

381 2063 533 2143 milari³¹)
565 2084 627 2124 non
659 2063 797 2146 respuit,
832 2083 891 2143 quo
925 2062 1079 2124 efficacius
1113 2064 1246 2126 animam
1278 2067 1418 2139 revocet,

387 2184 466 2246 quae
490 2166 613 2227 erravit.

798 2251 1005 2313 Abraham.

385 2353 485 2416 Tuum
515 2357 563 2416 est
592 2354 730 2431 interim,
758 2374 808 2417 me
836 2354 980 2435 precibus
1010 2355 1176 2435 adjuvare,
1206 2375 1247 2415 ne
1276 2355 1420 2438 inpediar

386 2458 537 2519 diabolica
559 2458 679 2519 fraude.

816 2560 995 2641 Ephrem.

385 2662 493 2744 Ipsum
526 2683 677 2734 summum
706 2666 833 2739 bonum,
857 2664 923 2724 sine
947 2683 1006 2744 quo
1035 2662 1112 2724 nihil
1140 2663 1176 2725 fit
1203 2662 1292 2740 boni,
1327 2664 1421 2724 faciat

385 2768 473 2829 tuum
494 2768 577 2828 velle
599 2767 732 2828 inbono
755 2766 966 2828 consummari.

826 2905 980 2914 ——-

799 2989 1006 3051 Abraham.

389 3092 471 3154 Num
493 3092 545 3152 ille
569 3093 616 3150 est
637 3110 724 3151 meus
748 3092 872 3166 amicus,
896 3110 987 3169 quem
1009 3093 1082 3152 ante
1104 3092 1163 3154 hoc
1185 3090 1341 3154 biennium
1363 3111 1419 3173 pro

345 3200 347 3206 ’
387 3195 535 3274 inquisitu
557 3193 658 3254 direxi
679 3193 824 3255 Mariae?
847 3193 920 3275 lpse
945 3197 1001 3256 est.

817 3297 990 3361 Amicus.

386 3398 466 3476 Ave,
488 3401 669 3464 venerande
691 3404 789 3484 pater.

495 3580 498 3586 ¹
799 3485 1007 3568 Abrabam.

390 3610 468 3685 Ave,
492 3608 623 3671 affabilis
646 3610 751 3674 amice.
794 3609 855 3670 Diu
878 3611 910 3669 te
932 3606 1072 3683 sustinui,
1096 3605 1151 3666 sed
1174 3623 1256 3668 nnnc
1271 3603 1420 3665 advenire

390 3713 563 3794 desperavi.

388 3867 569 3878 .....----

412 3951 451 4004 98)
466 3943 1024 4002 arciori=‚m.u.P.eea)frenas,M.u,1‘.;
1039 3946 1136 4000 frena,
1154 3941 1241 3988 cns.
1256 3941 1421 3999 &flandien-

466 4018 541 4069 dium,
558 4028 631 4068 urspr.
646 4017 674 4056 lm
690 4015 751 4067 cod,
767 4014 807 4055 das
823 4017 929 4056 listron
945 4015 1019 4057 Ceitea
1040 4016 1181 4070 geatrirbeng
1202 4016 1237 4057 die
1255 4025 1328 4067 urspr.
1342 4013 1421 4054 Lesurt

466 4087 505 4127 bat
524 4085 580 4128 auch
601 4085 625 4128 Ρ.
652 4086 710 4138 291)
731 4085 752 4124 in
773 4083 840 4138 bac,
860 4083 893 4138 0.,
911 4083 934 4126 S.
948 4097 970 4127 u.
984 4084 1030 4138 big.
1059 4085 1097 4139 3⁰)
1110 4087 1179 4138 quia
1195 4085 1279 4139 norica,
1302 4083 1326 4129 C.
1346 4095 1367 4124 u.
1383 4081 1421 4136 8.;

466 4157 656 4209 strictionis,
670 4153 701 4198 Μ.
715 4165 738 4198 n.
752 4154 777 4195 P.
805 4153 843 4207 31)
856 4155 1042 4207 tumulari,
1058 4153 1083 4195 c,
1100 4165 1122 4194 ιι.
1139 4152 1162 4198 S.
