3080 4892
738 438 976 505 ...346-

427 615 481 696 „Si
503 617 695 679 sacramento
718 614 903 677 confirmatis
927 613 1000 675 mihi
1022 614 1113 691 facto,

304 751 310 756 ·
342 718 411 784 180.
426 721 533 798 „Haec
555 720 587 782 in
609 719 747 782 coenobii
768 719 911 779 venerari
929 719 994 800 jam
1015 718 1174 781 memorat‘

425 825 615 902 „Finetenus
637 823 750 904 templo
772 822 872 884 vestri
892 820 1059 882 munimine
1082 821 1174 897 facto,

425 927 543 1004 „Nocte
566 926 677 1010 dieque
701 924 796 986 sacris
818 925 881 986 illic
901 925 1117 986 resonantibus
1140 925 1271 1006 hymnis,

424 1030 571 1108 „Necnon
594 1049 724 1092 accenso
746 1029 906 1111 praeclaro
927 1027 1042 1089 lumine
1065 1047 1196 1110 semper,

427 1134 514 1211 „Hoc
538 1136 569 1196 et
590 1133 749 1215 apostolici
769 1133 856 1213 juris,
880 1131 960 1192 siout
980 1135 1013 1194 et
1033 1131 1174 1213 petiistis,

341 1233 411 1302 185.
427 1235 634 1313 „Coencbium
655 1235 752 1298 nostri
775 1235 974 1314 designamus
997 1234 1111 1308 ditioni,

425 1341 487 1416 „Ut
507 1343 701 1402 terrenorum
723 1339 763 1401 sit
786 1357 931 1399 securum
952 1337 1170 1399 dominorum.“

424 1443 483 1505 His
507 1445 571 1506 dux
592 1443 750 1525 promissis
772 1443 905 1504 lactatus
928 1441 1020 1504 corde
1043 1441 1198 1518 verendis,

425 1546 581 1609 Mendetis
604 1565 638 1607 se
660 1546 812 1628 pontificis
834 1545 942 1607 summi
963 1545 1030 1607 fore
1053 1546 1149 1608 sacris

427 1649 504 1712 Mox
525 1669 746 1731 responsurum
767 1650 866 1726 factis,
883 1649 989 1729 inquit,
1013 1649 1166 1724 studiosis,

344 1749 593 1824 lacuniara
614 1752 746 1814 ecclesia
768 1753 880 1832 dignus
902 1771 975 1814 mox
997 1752 1195 1814 aedificanda.

423 1856 466 1922 Ut
487 1857 550 1919 fert
571 1856 738 1918 multorum
760 1855 914 1918 sententia
935 1875 1011 1916 uere
1036 1855 1196 1931 scientum,

423 1959 568 2024 Proxima
590 1960 736 2021 coenobio
759 1959 862 2020 fuerat
883 1959 957 2020 tuno
980 1958 1100 2034 silvula,
1124 1959 1224 2020 cincta

426 2061 561 2124 Collibus
584 2062 744 2137 umbrosis,
767 2063 877 2141 quibus
901 2064 933 2122 et
949 2047 1009 2123 'nos
1033 2061 1183 2141 cingimur
1206 2061 1298 2144 ipsis3

424 2165 555 2228 Necnon
576 2165 608 2226 in
630 2165 711 2226 silva
732 2164 836 2226 fuerat
858 2163 917 2225 sita
938 2165 1069 2245 parvula
1091 2165 1174 2240 villa,

340 2264 463 2334 195.1n
486 2287 547 2350 qua
568 2267 703 2330 Lindulfi
724 2267 804 2330 soliti
827 2267 983 2329 stabulare
1005 2268 1134 2343 subulci,

422 2371 510 2434 Intra
532 2374 621 2454 septa
641 2373 702 2434 viri
724 2372 885 2454 cujusdem
908 2371 992 2432 lassa
1014 2371 1110 2450 quieti

424 2472 560 2557 Corpora
581 2475 740 2537 nocturnis
763 2494 819 2537 sua
842 2493 1040 2556 composuere
1063 2476 1120 2536 sub
1142 2473 1234 2548 horis,

423 2577 505 2640 Dum
527 2578 584 2640 sibi
606 2578 782 2640 commissos
806 2579 960 2640 debebant
981 2595 1110 2659 pascere
1132 2597 1249 2659 porcos.

425 2679 485 2742 Hic
509 2682 671 2762 quondam,
694 2701 764 2796 epm
786 2683 963 2743 sanctorum
984 2681 1164 2742 venerabile
1187 2681 1301 2744 festum

337 2780 409 2846 200.
423 2783 517 2847 Esset
539 2787 719 2846 cunctorum
740 2805 814 2846 mox
835 2786 907 2866 post
928 2783 1054 2846 biduum
1076 2785 1302 2861 celebrandum,

424 2886 487 2950 Sub
510 2889 609 2950 noctis
633 2889 732 2950 claras
755 2889 892 2950 tenebris
915 2887 1026 2950 ardore
1049 2889 1192 2950 lucernas

324 2980 328 2987 ⁵
423 2990 462 3052 In
485 2992 565 3053 silva
586 2992 698 3053 multas
720 2991 778 3072 ipsi
800 2991 908 3052 videre
931 2991 1057 3050 subulci.

426 3092 484 3155 His
507 3095 592 3169 visis,
617 3094 718 3154 cuncti
739 3093 929 3154 mirabantur
950 3094 1126 3174 stupefacti,

426 3195 508 3266 Quid
530 3213 612 3260 nova
634 3195 824 3277 splendentis
847 3196 944 3257 veliet
966 3195 1024 3258 sibi
1044 3197 1121 3259 visio
1142 3196 1230 3269 lucis,

341 3295 414 3362 205.
429 3297 509 3361 Miro
530 3301 698 3361 nocturnas
721 3299 864 3361 scindens
888 3299 1052 3381 splendore
1075 3301 1237 3376 tenebras,

426 3403 557 3484 Hocque
579 3399 686 3465 domis
708 3403 790 3485 patri
811 3405 1019 3464 narraverunt
1040 3404 1221 3477 tremefacti,

427 3507 675 3570 Demonstrando
696 3508 804 3582 locum,
828 3526 919 3586 quem
940 3507 996 3567 lux
1018 3507 1200 3588 perfuderat
1220 3506 1329 3588 ipsum.

423 3610 485 3681 Qui
506 3610 576 3671 visu
598 3611 682 3671 clare
704 3611 831 3692 cupiens
854 3609 959 3670 audita
980 3611 1123 3691 probare,

421 3713 524 3776 Extra
546 3715 629 3774 tecta
653 3714 760 3775 domus
782 3712 843 3774 illis
866 3713 1008 3774 habitans
1032 3712 1175 3786 sociatus,

342 3812 606 3878 210.1ns0mnem
628 3816 729 3899 coepit
749 3820 871 3878 noctem
895 3834 1023 3877 servare
1046 3820 1235 3898 sequentem,

366 4087 550 4139 tebuumfnc,
568 4085 609 4140 Ap.
647 4087 912 4138 183.aeesnsu,uek.
949 4065 1298 4142 191.verr,Lck.‚bb.u.if.
1330 4089 1374 4131 ΙὯ.

430 4155 514 4196 silvula
529 4159 644 4208 cuncta,
657 4154 699 4210 Ap.
716 4168 736 4197 u.
754 4155 807 4202 Lck.
835 4157 882 4199 208.
897 4155 993 4208 claro,
1008 4157 1048 4201 bb.
