3134 4896
563 419 789 522 ..oe-l

154 629 231 695 410.
247 631 307 709 „nt
327 651 383 712 per
404 648 497 710 quam
516 629 632 692 mundo
652 629 740 690 venit
761 629 932 692 benedictio
954 631 1074 694 cuncto.

241 734 342 812 „Hine
361 731 478 796 membr
500 736 584 808 esto,
604 732 662 794 Dei
682 733 820 811 genitrix
841 733 1051 807 sanctissima,
1078 732 1184 807 nostri,

243 837 325 914 „Qui
345 841 376 900 te
397 840 510 910 mente,
529 837 600 910 fide,
621 839 694 896 roto
714 836 874 896 laudamus
897 840 1011 911 etore,

242 939 332 1018 „Quo
352 941 421 1020 pius
442 941 508 1020 ipse
530 959 660 1017 gregem
681 943 787 1019 pastor
807 957 935 1000 servare
957 938 1080 998 fidelem

238 1043 424 1122 ,‚Dignetur,
444 1042 561 1104 veteris
582 1042 713 1122 depulsa
729 1043 838 1102 fraude
859 1042 1009 1106 draconis.

150 1143 223 1208 415.
246 1146 309 1221 „At
330 1166 386 1208 nes
410 1147 519 1220 exiles,
539 1146 625 1206 nulla
642 1145 761 1206 tirtute
784 1148 934 1226 potentes,

238 1249 303 1326 „Te
325 1269 456 1329 semper,
478 1249 563 1327 regis
582 1251 690 1322 mater,
710 1267 772 1308 non
792 1251 883 1322 tacta,
906 1247 1061 1328 perennis,

239 1353 304 1428 „Ac
326 1353 365 1412 de
388 1357 418 1414 te
445 1352 585 1430 genitum
604 1370 713 1430 regem
733 1351 948 1430 dominumque
967 1352 1107 1432 polorum

238 1439 429 1531 ,Efferimus
446 1455 568 1515 crebris
590 1455 815 1516 conclamantes
835 1454 925 1514 simul
946 1455 1020 1528 odis,
1086 1498 1088 1504 ·

238 1558 389 1633 „Peccata
407 1561 514 1618 noster
534 1556 668 1618 moriens
684 1557 781 1636 periit
801 1558 874 1636 quia
893 1558 999 1632 frater,
1081 1567 1082 1570 ’

151 1658 225 1722 420.
237 1659 320 1736 „Sed
339 1664 501 1742 postquam
517 1661 617 1740 periit,
638 1679 695 1740 per
717 1661 756 1733 te,
778 1677 867 1720 sacra
887 1661 986 1738 virgo,
1007 1661 1153 1722 revixit.“

276 1763 334 1824 His
356 1764 452 1837 dictis,
475 1763 613 1826 chartam
633 1764 831 1824 comburebat
849 1763 1053 1839 maledictam,

234 1865 276 1928 Et
297 1885 370 1931 mcx
389 1867 571 1947 mysterium
590 1866 702 1926 missae
725 1866 849 1946 peragit
870 1866 1015 1928 studiose.

234 1967 303 2029 Hoc
323 1969 375 2029 ubi
395 1969 569 2048 complevit,
589 1970 665 2030 mire
687 1970 851 2049 splendore
873 1971 997 2032 refulsit

234 2071 339 2132 Instar
363 2073 521 2149 surgentis
541 2071 658 2132 Phoebi
679 2073 774 2132 facies
795 2073 978 2148 vicedomni,
1014 2099 1015 2102 ¹

147 2171 220 2238 425.
237 2173 306 2246 Quo
329 2176 440 2236 mentis
462 2175 615 2255 splendor,
643 2175 751 2234 lucens
772 2176 892 2238 animae
921 2196 1042 2256 quoque
1063 2176 1177 2240 candor

234 2277 312 2358 Ejus
333 2261 391 2358 per
410 2279 520 2338 faciem
539 2281 764 2338 monstraretur
784 2279 977 2339 rutilantem·

233 2377 315 2442 Hinc
336 2385 440 2442 astans
461 2382 601 2462 populus,
622 2381 714 2440 nimia
734 2373 897 2441 formidine
917 2383 1030 2458 tactus,
1121 2409 1128 2420 ¹

236 2483 411 2545 Altithronc
433 2486 539 2564 grates
560 2484 660 2564 coepit
679 2501 827 2543 resonare
847 2485 1000 2558 tonantes,

236 2585 292 2647 Cui
312 2588 428 2669 placuit
447 2589 619 2648 monstrare
639 2586 699 2647 viri
721 2586 864 2646 meritum
882 2585 1061 2654 venerandi.

145 2685 220 2750 430.
236 2689 309 2772 Ipse
333 2691 464 2770 quidem,
487 2709 608 2751 sacrum
628 2692 774 2771 repetens
795 2690 942 2771 extimplo
961 2689 1114 2762 locellum,

234 2791 273 2853 In
294 2811 352 2872 quo
374 2793 517 2854 coelestis
538 2793 651 2855 donum
671 2793 783 2855 meruit
802 2793 936 2874 pietatis,

229 2893 398 2974 Frangitur
421 2896 554 2956 adversa
573 2897 693 2977 fragilis
714 2897 886 2958 valitudine
907 2896 1019 2972 carnis,

233 2997 295 3058 Per
317 2999 510 3080 spatiumque
532 2998 625 3061 trium
646 3002 751 3061 morbo
775 3001 934 3060 crescente
957 3001 1086 3076 dierum,

230 3099 404 3182 Exemptus
427 3104 636 3184 corruptibilis
657 3103 695 3164 de
719 3122 844 3164 carcere
867 3104 985 3180 carnis,

145 3199 218 3264 435.
235 3202 376 3284 Spiritus,
399 3205 577 3266 aetheream
598 3207 758 3286 plaudens,
782 3208 919 3268 ascendit
942 3208 982 3268 ad
1004 3207 1115 3284 aulam,
1170 3237 1172 3240 ·

229 3307 355 3368 Auxilio
379 3311 503 3368 sanctae
526 3309 622 3370 fultus
645 3311 836 3389 domnaeque
857 3309 984 3372 Mariae.

229 3409 353 3470 Scilicet
376 3411 547 3471 extinctum
568 3431 679 3492 corpus
699 3411 769 3472 nisu
789 3412 973 3492 populorum

228 3511 302 3594 ipso
324 3511 382 3574 rite
404 3514 471 3576 loco
493 3515 662 3576 tumulatur
683 3516 799 3577 honore
820 3533 973 3594 supremo,

231 3614 268 3676 In
292 3636 352 3695 quo
375 3625 485 3677 nactus
508 3628 576 3678 erat
596 3618 728 3693 ueniam,
752 3637 843 3698 quam
865 3617 967 3678 flendo
988 3619 1127 3698 rogabat.

144 3715 217 3780 440.
280 3719 364 3778 Talis
388 3722 455 3780 erat
477 3719 633 3800 desperati
655 3741 775 3782 necnon
797 3720 945 3782 scelerosi

232 3821 328 3897 Finis,
352 3822 404 3902 qui
424 3823 582 3905 proprium
602 3824 706 3886 didicit
728 3825 844 3886 deflere
866 3829 986 3888 reatum

206 4139 211 4150 .
251 4112 369 4164 rengtui
385 4111 443 4166 (ln),
462 4109 502 4167 M,
518 4113 551 4168 P,
566 4109 589 4157 C.
605 4121 627 4159 tr.
642 4110 666 4159 S.
687 4111 733 4161 tn.
754 4115 847 4159 niens.
869 4111 899 4160 n.
914 4130 936 4164 n.
954 4117 977 4160 Ρ.
1011 4115 1057 4163 ltu
1080 4113 1167 4178 lupi*
1275 4100 1276 4103 Ἰ

224 4183 294 4244 rati,
316 4181 346 4224 Μ.
363 4194 384 4222 ιι.
400 4183 423 4223 Ρ.

1269 4213 1270 4218 1
1305 4205 1355 4220 ·=-=¹
1373 4203 1378 4220 Ι,
1398 4193 1420 4205 ιι

1246 4223 1422 4279 :up-admisi·
