3144 4888
759 483 1000 551 ...152-

730 653 1033 722 Constantinus.

368 757 472 838 Porge
500 773 645 838 woums,
675 760 850 838 Gallicane,
884 763 925 823 ad
951 762 1082 840 belium3
1109 781 1297 826 reversurus
1320 766 1405 828 enirn

369 857 512 941 accipies,
535 865 617 938 quod
639 866 808 943 desideras,
829 865 1006 947 praemium

756 966 1004 1032 Gallicanus.

369 1052 522 1122 Illudions
542 1057 613 1122 ms?

739 1153 1043 1221 Constantinus.

371 1245 406 1310 si
425 1247 544 1310 ssludo?

765 1325 1011 1390 Gallicanus.

372 1433 426 1496 Me
448 1434 586 1498 felicem!
609 1432 643 1495 Si
664 1450 759 1494 unum
781 1430 907 1490 scirem!

738 1532 1041 1597 Constantinus.

373 1619 455 1695 Quid
477 1622 595 1684 unum?

350 1713 353 1718 '
760 1701 1013 1767 Gallicanus.

371 1793 449 1876 Ejus
469 1811 662 1876 responsum
709 1833 712 1838 -

739 1891 1043 1958 Constantinus.

371 1979 495 2044 Filiae?

762 2062 1010 2127 Gallicanus.

370 2151 484 2235 Ipsius.

740 2233 1043 2299 Constantinus.

373 2340 497 2424 Injnsta
521 2337 597 2401 satis
618 2339 706 2418 ratio,
728 2339 760 2400 in
774 2339 833 2399 hac
850 2358 885 2399 re
905 2337 1103 2400 verecundae
1123 2337 1254 2418 virginis
1275 2360 1404 2422 respon-

374 2463 442 2504 sum
476 2461 634 2523 quaerere.
678 2439 907 2524 Consequentia
944 2444 1048 2503 autem
1085 2461 1190 2504 rerum
1222 2445 1406 2506 monstrabit

375 2546 443 2626 ejus
465 2563 635 2606 assensum.
781 2541 783 2544 ’

757 2644 1005 2709 Gallicanus.

377 2747 411 2812 Si
433 2749 516 2811 huno
537 2748 657 2826 scirem,
679 2769 862 2831 responsum
882 2750 972 2811 flocci
992 2750 1136 2810 facerem.

744 2850 1047 2914 Constantinus.

372 2951 470 3028 Licet,
493 2953 665 3033 experiare.

766 3053 1018 3118 Gallicanus.

374 3138 507 3221 Exopto.

742 3221 1047 3288 Constantinus.

378 3323 434 3386 Sui
455 3322 653 3406 primicerios,
669 3323 841 3390 Johannem
863 3331 894 3390 et
904 3329 1043 3406 Panium,
1065 3334 1169 3392 tecum
1191 3334 1409 3395 commoratum

377 3426 417 3488 iri
439 3426 579 3488 decrevit
598 3447 697 3508 usque
717 3429 749 3490 in
772 3431 852 3491 diem
873 3433 1056 3513 nuptiarum.

768 3531 1015 3596 Gallicanus.

378 3631 481 3704 Quam
503 3634 540 3694 ob
564 3636 711 3697 causam?

747 3733 1047 3803 Constantinus.

379 3837 447 3909 Quo
469 3837 591 3900 illorum
613 3859 654 3902 ex
676 3842 921 3905 confabulatione
951 3845 1046 3925 ipsius
1068 3845 1172 3921 vitam,
1202 3867 1312 3923 mores,
1335 3867 1407 3910 oon·

378 3940 572 4002 suetudinem
592 3943 693 4023 possis
713 3939 927 4025 praenoscere.
945 3947 982 4032 ¹⁹)

408 4177 444 4230 ts)
459 4187 662 4238 presumere,
676 4176 707 4228 Μ.
