3144 4888
582 421 823 491 ἅ-183--ι-

185 601 277 662 dutus
300 602 426 681 totoque
456 619 584 682 corpore
612 598 722 662 videor
751 601 877 676 nitidus,
900 602 932 662 et
960 600 1143 682 quicumque
1165 622 1215 665 me

184 705 300 785 aspicit,
323 705 412 766 velut
434 704 580 766 horribile
601 707 773 766 monstrum
800 703 935 766 fastiditi
978 703 1030 766 Ad
1051 703 1215 787 conjugem

183 810 335 882 revertar,
359 829 419 888 quo
443 810 480 870 ab
503 808 566 883 illa,
590 807 663 887 quid
692 825 769 887 erga
791 827 840 868 me
863 810 965 868 aetum
987 808 1036 882 sit,
1058 810 1214 890 experiar.

182 911 242 986 En,
265 910 372 973 solutis
402 911 537 972 crinibus
569 911 739 990 egreditur,
769 910 928 991 omnisque
951 909 1058 972 domu's
1080 911 1214 974 lacrimis

182 1015 400 1100 prosequitur!
601 1017 605 1026 '

182 1237 264 1314 Heu,
287 1239 366 1300 heu!
388 1237 430 1298 mi
452 1237 554 1299 senior
564 1148 691 1313 Duititi,1
697 1172 784 1318 thdi
805 1237 945 1320 pateris?
967 1238 1037 1303 Non
1060 1259 1095 1302 es
1118 1241 1213 1302 sanae¹

183 1343 319 1404 mentis?
353 1341 469 1404 Factus
493 1361 527 1402 es
549 1342 580 1404 in
603 1340 739 1402 derisum
761 1341 967 1404 christicolis?

587 1461 804 1524 Dulcitius.

184 1549 275 1614 Nunc
296 1549 421 1610 tandem
443 1547 551 1624 sentio,
571 1567 620 1611 me
641 1548 765 1610 illusum
787 1548 909 1610 illarum
930 1547 1097 1610 maleficiis.
1192 1597 1208 1616 ,.

182 1738 251 1801 Hoc
272 1759 321 1799 me
344 1739 547 1800 vehementer
569 1649 798 1813 ooncfdditulioe
819 1736 986 1820 praecipue
1009 1737 1213 1817 contristavit,

183 1842 273 1923 quod,
297 1843 370 1923 quid
392 1843 569 1924 patiebaris,
590 1841 749 1920 ignorasti.

585 1944 801 2006 Dulcitius.
892 1957 894 1964 ’

181 2031 305 2107 Mende,
329 2039 363 2094 ut
384 2031 521 2092 lascivae
553 2033 792 2112 praesententur
821 2031 960 2112 puellae,
989 2032 1021 2092 et
1049 2032 1212 2094 abstractis

184 2135 324 2198 vestibus
346 2134 468 2216 publice
490 2135 694 2209 denudentur,
718 2155 778 2215 quo
798 2145 893 2196 verse
910 2134 988 2211 vioe,
1003 2135 1085 2216 quid
1106 2139 1213 2200 nesta

181 2240 304 2322 possint
325 2239 466 2314 ludibria,
489 2239 698 2320 experiantur.

615 2391 778 2453 Milites

182 2481 314 2543 Frustra
336 2479 490 2554 sudamus,
513 2478 544 2540 in
566 2477 885 2540 vanum'leboramus.
913 2475 1005 2554 Ecce,
1027 2477 1213 2544 vestimenta

183 2584 334 2664 virgineis
357 2582 535 2665 corporibus
558 2581 722 2642 inhaerent
742 2582 831 2642 velut
862 2582 952 2643 coria.
997 2580 1060 2643 Sed
1083 2587 1114 2645 et
1135 2585 1212 2666 ipse,

185 2689 303 2767 quinos
326 2688 365 2748 ad
388 2685 623 2768 exspoliandum
644 2685 785 2762 urgebat,
801 2665 938 2764 praeses,
951 2687 1054 2747 stert't
1075 2687 1212 2750 sedendo

185 2811 243 2852 nec
265 2792 420 2864 ullatenus
444 2789 574 2852 excitari
595 2791 698 2872 potest
721 2806 739 2848 a
762 2806 876 2850 somno.
919 2787 970 2850 Ad
995 2789 1213 2871 imperatorem

184 2896 329 2956 adeamus
352 2894 471 2978 ipsique
494 2913 607 2970 rerum,
631 2911 710 2973 quae
733 2895 894 2972 geruntur,
916 2893 1121 2976 propalemus.

563 3048 841 3110 Diocletanus.

183 3136 277 3199 Dolet
286 3136 328 3218 ²³)
349 3133 485 3209 nimium,
515 3135 595 3214 quod
623 3136 797 3216 praesidem
825 3135 995 3198 Dulcitium
1023 3135 1114 3198 audio
1137 3136 1214 3199 adeo

183 3241 316 3314 illusum,
340 3239 417 3300 adeo
441 3237 671 3319 exprobratum,
700 3239 778 3301 adeo
808 3240 1034 3302 calumniatum.
1079 3239 1151 3316 Sed,
1173 3259 1214 3301 ne

184 3345 264 3406 viles
285 3342 485 3406 mulierculae
511 3342 639 3422 jactant,
650 3340 692 3421 ²⁴)
722 3361 755 3401 se
778 3341 902 3422 impune
924 3344 1038 3405 nostris
1061 3344 1119 3404 diis
1142 3339 1214 3406 deo·

185 3467 315 3528 rumque
349 3445 516 3506 cultoribus
549 3443 690 3519 illudere,
719 3443 885 3506 Sisinnium
915 3445 1056 3514 comitem
1085 3447 1216 3526 dirigam

186 3552 226 3612 ad
248 3551 395 3612 ultionem
417 3548 633 3609 exercendam.

186 3794 212 3856 Ο
234 3792 358 3866 milites,
380 3790 432 3851 ubi
444 3792 516 3850 sunt
525 3700 912 3868 lascisv1aqpqppptqrqueri
924 3788 1047 3864 debent,
1066 3787 1214 3873 puellae?

615 3891 784 3954 Milites.
815 3933 818 3942 ·

186 3982 378 4062 Affliguntur
400 3981 432 4041 in
455 3997 591 4040 carcere.

186 4103 394 4115 ....-...-..---

213 4152 251 4207 23)
267 4151 362 4207 doleo,
379 4151 400 4198 c.
418 4163 439 4194 ιι,
455 4147 480 4190 S.
493 4146 563 4206 vergi.
579 4145 647 4202 rapu.
675 4145 897 4205 ll)j1rctent,c.,
918 4147 941 4193 S.
956 4161 979 4193 ιι.
998 4147 1058 4203 sagq
1073 4159 1091 4189 ιι.
1106 4147 1165 4189 illul.
