3144 4888
764 421 1002 494 -182-

801 602 978 667 Ohionia.

373 691 557 758 Ridiculum.

783 808 786 816 v
807 776 969 838 Hirens.

373 880 453 946 Nam
474 881 579 955 faoies,
600 898 760 942 manneae
781 881 968 942 vestimenta
989 880 1249 955 adeo'sordidata,
1263 879 1302 962 ¹⁸)
1323 881 1404 943 ades

374 985 579 1065 coinquinata,
600 987 636 1047 ut
656 984 797 1066 nigredo,
820 1001 899 1065 qnae
926 983 1068 1060 inhaesit,
1091 984 1319 1046 similitudinem
1340 983 1404 1046 Ae·

374 1089 488 1172 thiopis
511 1087 672 1172 exp1imat.
700 1095 703 1103 '

815 1173 963 1255 Agape

374 1276 481 1352 Deest,
503 1278 540 1340 nt
558 1275 630 1338 talis
656 1279 809 1358 appareat
836 1294 974 1360 corpore,
996 1277 1095 1358 qualis
1117 1296 1136 1340 a
1158 1277 1278 1340 diabolo
1306 1277 1405 1360 possi·

375 1380 467 1444 detur
488 1380 520 1442 in
541 1381 654 1442 mente.

807 1466 969 1528 Hirena

374 1567 433 1643 En,
453 1571 545 1650 parat
572 1564 759 1651 regrediw)
787 1569 998 1646 Intendamus,
1028 1571 1101 1652 quid
1133 1571 1186 1634 illo
1219 1573 1403 1653 egrediente

379 1674 476 1753 agant
498 1673 620 1748 milites,
642 1693 699 1756 pro
721 1673 839 1736 foribus
861 1676 1073 1755 expectantes.

812 1779 967 1790 ——-

804 1829 971 1892 Milites.

376 1932 454 2004 Quis
476 1933 526 1994 hie
548 1933 709 2014 egreditur
719 1934 944 2007 daemoniacus,
956 1931 1009 1995 vel
1030 1928 1129 2014 magis
1149 1935 1216 2018 ipse
1239 1929 1405 2000 diabolus?

375 2037 564 2117 Fugiamns!

777 2122 996 2184 Duloitins.

375 2225 500 2302 Milites,
523 2245 582 2306 quo
606 2225 736 2306 fugitis?
768 2225 864 2304 State,
881 2230 1055 2310 expectate,
1071 2228 1174 2290 dueite
1196 2249 1245 2291 me
1268 2249 1337 2292 oum
1358 2232 1406 2296 ln·

380 2331 481 2394 earnis
504 2331 544 2392 ad
566 2331 674 2392 nubile.

805 2415 970 2480 Milites.

375 2521 449 2586 Vox
470 2522 599 2584 senioris
622 2521 727 2598 nostri,
740 2521 796 2584 sed
817 2523 919 2602 imago
942 2522 1062 2584 diaboli.
1105 2521 1175 2584 Non
1192 2525 1405 2601 subsistamus,

373 2627 433 2690 sed
454 2627 561 2710 sugam
581 2628 779 2690 maturemus,
815 2625 1002 2688 Phantasma
1023 2627 1092 2688 vult
1113 2646 1169 2688 nos
1190 2629 1406 2708 pessumdare.

778 2729 994 2792 Duloitins.

375 2833 427 2897 Ad
448 2833 597 2915 palatium
625 2831 674 2894 iio
705 2839 744 2910 et,
766 2851 858 2914 quam
879 2832 1135 2916 abjeotionem²¹)
1158 2833 1267 2916 patior,
1291 2835 1404 2918 prinei-

374 2937 464 3021 pibus
486 2937 631 3017 vulgabo.

812 3013 966 3033 ,κῇ-..-

776 3107 991 3170 Dulcitius.

374 3209 509 3286 Ostiarii,
536 3209 722 3274 introducite
750 3229 800 3274 me
829 3210 862 3274 in
891 3211 1048 3294 palatium,
1077 3212 1149 3296 quia
1178 3213 1218 3274 ad
1239 3211 1403 3298 imperato-

372 3331 439 3376 rem
460 3314 558 3376 habeo
579 3317 743 3376 secretum

799 3400 978 3464 Ostiarii.

373 3501 456 3576 Quid
484 3504 543 3568 hoo
563 3483 626 3569 vile
656 3525 692 3568 ao
714 3503 896 3570 detestabile
914 3508 1092 3580 monstrum,
1123 3506 1227 3570 scissis
1249 3509 1282 3570 et
1301 3507 1401 3588 nigel-

372 3610 467 3691 lisa)
488 3611 660 3693 panniculis
689 3612 843 3673 obsitum?
887 3609 1004 3690 Pugnis
1034 3609 1208 3684 tundamus,
1239 3610 1278 3671 de
1301 3611 1402 3692 gradu

372 3717 620 3799 praecipitemus,
641 3733 700 3777 neo
721 3717 804 3776 ultra
826 3715 886 3774 hue
908 3713 999 3774 detur
1021 3713 1099 3772 liber
1121 3731 1276 3775 assessus.

773 3816 989 3878 Dulcitius.

372 3923 450 4002 Vae,
462 3927 536 3986 vas!
555 3921 627 4004 qnid
639 3922 790 4000 contigit?
812 3919 922 3982 Nonne
938 3917 1193 4000 splendidissimis
1204 3921 1342 3982 vestibus
1354 3921 1400 3982 in-

371 4053 552 4064 ——nau——n—

399 4101 435 4153 ¹⁹]
450 4099 583 4152 sordida,
597 4096 621 4139 c·
635 4108 658 4140 ιι.
674 4095 697 4140 S.
724 4095 764 4147 ίιθ)
778 4090 904 4145 ingredi,
919 4089 950 4130 M.
964 4102 986 4132 u.
1001 4089 1040 4142 1³.;
1055 4088 1166 4142 egredi,
1180 4089 1212 4143 c.‚
1228 4088 1252 4135 s,
1266 4103 1290 4136 u,
1304 4093 1349 4149 mg,

397 4173 435 4226 21)
449 4171 654 4225 ditectionem,
670 4165 701 4209 Μ.
725 4165 764 4221 22)
777 4160 948 4217 solaslsqne
961 4157 1059 4216 nigellis,
1073 4159 1096 4202 c.
1111 4170 1132 4200 u.
1149 4158 1172 4204 s,

518 4514 1161 4840 n]

1548 2657 1554 2790 l

1551 2811 1554 2892 ι
