3144 4888
733 374 972 484 -1124

429 605 554 670 Semina
576 597 672 662 divini
693 614 750 678 per
772 599 883 672 gentes
905 609 1054 672 spargere
1076 589 1173 653 verbi

343 711 413 778 120.
430 710 508 787 „En,
529 705 581 780 ait,
604 723 621 764 o
643 700 731 762 miles
754 695 877 770 Christi,
899 695 997 756 frater
1018 692 1157 774 Dionysi,

433 813 570 891 „Magna
592 823 684 884 seges
705 799 827 863 Domini
848 797 961 858 crescit
981 816 1038 877 per
1060 796 1182 859 elimata
1203 792 1318 870 mundi,

431 915 608 994 „Praebens
631 908 807 970 innumeras
829 904 968 963 maturae
988 897 1098 960 messis
1120 897 1241 972 aristas,

432 1017 609 1097 „instantes
630 1008 724 1072 messi
743 1005 798 1066 sed
820 1005 962 1066 constant
984 1001 1093 1086 oppido
1115 1001 1213 1082 pauci

436 1122 537 1200 „Hinc
558 1121 601 1192 tu,
624 1129 781 1174 sacrorum
802 1107 924 1169 bibulus
947 1106 1000 1186 qui
1019 1107 1105 1166 sonte
1125 1105 1271 1164 librorum

350 1227 421 1296 125.
436 1224 617 1306 „Constans
640 1215 736 1278 divini
757 1211 868 1272 sciolus
891 1229 983 1290 quam
1003 1209 1137 1268 maxime
1160 1207 1270 1281 cultus,

432 1324 603 1407 „Exemplo
625 1307 716 1382 Pauli
737 1333 864 1376 securus
886 1331 984 1394 perge
1006 1310 1156 1390 magistri,

436 1427 588 1512 „Imperio
610 1421 739 1505 populos
763 1415 878 1479 Christi
899 1417 1089 1498 subjungere
1111 1414 1231 1476 multos.

437 1535 497 1612 „Et
518 1530 573 1594 tibi
595 1526 687 1588 credo
709 1523 894 1604 potestatem
917 1518 1038 1579 ditionis
1062 1517 1200 1592 eandem,

433 1639 554 1716 „Quam
576 1629 730 1694 Christum
750 1625 844 1686 Petro
870 1621 983 1683 scimus
1006 1619 1175 1682 credidisse
1196 1619 1353 1698 magistro,

349 1743 418 1808 130.
431 1742 492 1820 „Et
514 1755 606 1820 quam
628 1727 750 1810 suscepi
773 1744 933 1794 successor
952 1725 1024 1805 jure
1046 1723 1201 1802 magistri:

430 1843 624 1924 „Conversos
646 1834 696 1916 pie
719 1829 861 1893 solvendi
883 1829 1048 1906 sontesque
1070 1825 1196 1904 ligandi.

434 1945 569 2024 „Accipe
591 1957 673 2000 nunc
696 1933 812 2006 Gallos,
835 1932 890 1994 tibi
911 1951 960 1990 me
981 1930 1135 2003 tradente,
1159 1927 1321 2003 docendos,

434 2047 679 2127 „Doctrinaeque
701 2037 748 2099 tui
769 2037 909 2114 signetur
933 2032 1035 2094 Gallia
1056 2033 1140 2105 sorti,

432 2153 521 2230 „Quo
544 2149 592 2210 vir
614 2141 799 2226 apostolicus
822 2139 916 2217 digne
939 2137 1106 2198 celebreris
1128 2137 1259 2198 alumna.

350 2255 420 2321 135.
436 2255 521 2332 „Nec
543 2267 674 2312 vereare
696 2243 818 2325 quidem
840 2244 951 2320 gentes
972 2239 1089 2302 intrare
1112 2240 1254 2313 rebelles,

431 2358 541 2435 „Quae
561 2351 682 2414 restant
703 2365 788 2420 vero,
811 2344 991 2405 frendentes
1012 2363 1097 2405 more
1119 2343 1227 2418 ferino,

434 2461 526 2539 „Sed
547 2457 604 2520 tibi
625 2449 777 2518 mercedis
798 2450 927 2523 tanturn,
950 2447 1077 2522 confide,
1100 2447 1255 2527 perennis,

434 2566 492 2641 „In
514 2560 611 2644 patris
634 2557 788 2634 astrigera
810 2551 920 2614 summi
941 2549 1097 2612 servarier
1119 2551 1197 2624 aula,

430 2667 607 2744 „Quantum
628 2681 684 2742 pro
707 2657 828 2720 Christo
851 2654 960 2716 tuleris
982 2653 1127 2734 patiendo
1150 2652 1291 2714 doloris.“

349 2769 418 2834 140.
436 2770 495 2830 His
518 2785 618 2848 papae
639 2761 760 2826 blandis
782 2759 909 2840 praesul
929 2757 1062 2818 monitus
1085 2755 1229 2830 suadelis,

435 2871 589 2934 Occiduae
612 2867 689 2928 fines
711 2863 809 2945 partis
832 2862 963 2922 festinus
986 2860 1093 2920 adivit.-

434 2974 597 3036 Moenibus
619 2972 711 3049 atque
733 2967 822 3028 Paris
844 2983 986 3044 gressum
1008 2983 1082 3024 mox
1103 2963 1207 3026 intulit
1228 2961 1321 3036 urbis,

433 3079 472 3140 In
493 3095 554 3160 qua
577 3075 685 3134 crebro
707 3070 775 3143 loei,
798 3089 858 3148 quo
880 3067 1040 3128 fertilitate
1064 3067 1176 3140 decori,

434 3176 595 3244 Gallorum
615 3194 761 3257 proceres
784 3172 971 3234 concurrunt
992 3170 1115 3250 saepius
1137 3187 1250 3230 omnes.

353 3283 423 3349 145.
439 3284 499 3344 Hic
521 3281 574 3341 uhi
596 3277 692 3341 divini
713 3275 814 3357 eoepit
836 3292 925 3336 sacra
946 3273 1062 3334 semina
1084 3274 1173 3334 verbi

437 3385 603 3467 Spargere,
626 3381 784 3462 signorum
805 3399 879 3438 mox
900 3395 1049 3438 exercere
1071 3376 1235 3456 perillum

434 3488 575 3553 Christus
597 3485 731 3548 virtutes
754 3483 939 3560 dignabatur
961 3480 1011 3561 pis
1033 3481 1149 3560 plures,

434 3593 503 3664 Quo
526 3594 611 3654 tanto
630 3588 730 3672 plebis
751 3587 932 3648 mollescere
956 3584 1049 3646 corda
1071 3582 1195 3644 rebellis

437 3697 488 3758 Ad
510 3695 633 3760 veniam
653 3692 789 3772 possent,
812 3693 926 3769 quanto
948 3689 1058 3748 crebro
1080 3687 1170 3764 signa
1191 3684 1342 3746 viderent.

351 3798 421 3864 150.
443 3799 503 3862 Ast
524 3797 578 3858 ubi
600 3793 755 3858 credentis
776 3811 923 3854 numerus
943 3791 1049 3872 pupuli
1070 3789 1170 3868 magis
1191 3766 1306 3855 auctus

349 3971 555 3984 .........-—--·

377 4064 653 4180 128.Atqusetlhl,c.
697 4065 739 4108 1‘19.
764 4063 927 4106 tradidisse
946 4057 1185 4118 magistro,C.n.S.
1236 4057 1280 4106 1³3,
1300 4055 1379 4114 forti,

441 4139 501 4184 Cu.
533 4165 539 4186 .
