3134 4896
547 483 762 552 ...35..

268 661 410 737 onena
433 664 536 742 sum,
558 663 625 728 sule
645 665 819 745 pumen·
841 680 972 744 empore
991 664 1070 744 tnta,
1180 687 1184 695 ·

136 764 362 832 secuuntur
382 765 574 848 antepedes
595 769 722 830 sanctae
744 765 907 846 rogitando
928 764 1048 842 florian

224 867 395 935 Gratiolauu
415 869 504 950 pueri
526 873 708 934 constanter
728 888 808 932 voce
827 869 921 944 fideli,

226 973 326 1044 Quem
347 977 447 1034 mater
467 973 587 1076 gremio
608 973 749 1054 gaudens
769 972 905 1054 portavit
925 972 1031 1036 arnico.
1094 985 1098 993 “

224 1279 260 1394 0
281 1319 436 1381 laudanda
457 1323 529 1380 tuae
551 1319 675 1380 virtutis
698 1313 805 1400 gloria,
829 1317 960 1396 Christe,

225 1420 251 1483 Ο
272 1421 414 1484 miranda
435 1439 542 1484 sacrae
564 1443 687 1503 semper
709 1423 837 1485 mutatio
860 1423 1000 1498 dextrae,

139 1522 211 1588 865.
220 1524 282 1596 Qui
302 1527 379 1586 nutu
402 1525 494 1586 tacito
516 1526 596 1607 potis
619 1545 652 1586 es
675 1526 838 1606 disponere
862 1529 990 1588 cuncta!

225 1627 302 1700 Quis
323 1629 408 1689 volet
430 1647 505 1708 ergo
527 1632 598 1690 tuae
620 1629 744 1710 pietatis
766 1647 894 1692 munera
916 1647 1063 1709 magnac,

229 1730 327 1794 Unice
350 1734 422 1792 nate
444 1731 511 1808 Dei,
534 1751 650 1793 summo
673 1731 779 1793 similis
799 1732 948 1812 genitori,

226 1833 335 1895 Mirari
358 1835 461 1914 digne,
484 1835 594 1897 merita
615 1835 668 1896 vel
691 1835 794 1896 dicere
816 1835 924 1910 laude,

230 1936 292 2008 Qui
312 1937 411 1999 nostri
432 1957 525 1998 causa
546 1937 646 1999 fecisti
667 1941 754 2000 tante
775 1938 949 2020 stupenda?

148 2036 286 2116 aloru,
309 2040 376 2100 sine
398 2041 546 2122 principio
568 2043 659 2102 natus
682 2041 721 2102 de
743 2045 832 2124 petre
854 2059 997 2123 superno,

228 2143 290 2204 Per
311 2145 477 2224 praccepta
499 2144 595 2225 patris
618 2144 777 2226 complesti
798 2145 920 2206 uiscera
940 2143 1065 2218 matris,

227 2245 280 2308 Ex
301 2247 359 2308 hac
381 2266 559 2328 corpoream
581 2267 705 2308 sumens
727 2249 784 2308 sub
806 2249 944 2328 tempore
967 2247 1110 2311 formant

231 2348 353 2430 Quique
375 2351 463 2411 vales
485 2351 610 2433 propria
630 2351 778 2412 mundum
800 2351 972 2412 conducere
992 2348 1102 2430 palma,

230 2451 410 2513 Panniculis
432 2453 543 2532 stringi
564 2474 625 2515 non
646 2453 726 2514 raris
747 2454 824 2514 haut
843 2451 1005 2533 respuisti3

143 2551 215 2618 875.
224 2553 266 2616 Et
287 2555 340 2636 qui
361 2556 484 2618 stellato
505 2557 624 2618 resides
647 2557 722 2618 solio
744 2575 839 2638 super
860 2557 986 2629 aethra,

228 2658 330 2722 Parvo
352 2659 495 2741 praesepi
518 2662 694 2721 contractus
716 2652 921 2741 procubuisti3

229 2761 278 2837 Et,
302 2763 354 2842 qui
375 2763 552 2842 multigenis
575 2762 705 2844 imponis
726 2762 849 2823 nomina
871 2761 969 2822 stellis

228 2865 276 2926 Ac
297 2865 420 2947 pluviae
442 2869 556 2946 guttas,
578 2866 683 2948 pelagi
705 2885 824 2946 quoque
847 2867 931 2928 solus
953 2882 1065 2926 aranas

228 2967 301 3031 Rite
322 2971 411 3050 potes
433 2990 559 3030 numero
580 2989 637 3050 per
659 2973 691 3032 tc
714 2970 935 3051 comprendere
958 2969 1060 3043 certo,

143 3068 215 3134 880.
223 3070 266 3134 Ut
287 3072 416 3151 fragiles
437 3071 536 3154 pueri,
558 3072 712 3154 patienter
735 3071 916 3148 conticuisti,

230 3173 390 3256 Tempore,
413 3175 570 3254 virgineas
593 3194 652 3256 quo
675 3174 788 3236 suxisti
808 3175 858 3256 pie
885 3191 1039 3236 mammas.

233 3276 367 3358 Insuper
387 3277 553 3350 Herodem,
576 3276 662 3338 nulla
683 3278 844 3340 formidine
866 3295 988 3358 regem,

232 3377 293 3441 Sed
316 3380 381 3442 sola
403 3383 488 3441 certe
510 3379 619 3459 fugisti
639 3401 696 3462 pro
721 3380 845 3461 pietate,

231 3480 300 3552 Quo
323 3483 424 3543 carnis
446 3501 554 3543 veram
577 3479 805 3544 demonstrares
826 3482 877 3563 pie
899 3482 1036 3542 formam

145 3581 217 3646 885.
225 3583 266 3646 Et
287 3601 361 3646 mox
382 3587 498 3666 absque
520 3605 607 3647 mora
627 3585 728 3647 fecisti
750 3604 847 3646 saxea
869 3583 962 3645 corda

230 3687 310 3748 Nam
330 3707 522 3769 paganorum
546 3689 728 3750 mollescere
750 3708 811 3750 non
834 3685 1015 3749 domitorum

134 3771 168 3868 ⁸¹
230 3789 272 3852 Et
294 3791 409 3852 sentire
431 3793 519 3852 tunm
541 3791 670 3852 solidum
691 3810 748 3872 per
769 3795 909 3871 tempora
930 3806 1070 3868 regnum,

233 3893 301 3964 Quo
322 3901 354 3956 te
377 3893 489 3955 divinis
510 3893 617 3954 moniti
639 3893 755 3954 scirent
775 3894 842 3956 fore
865 3891 961 3974 signis

230 3995 347 4079 ipsum,
369 3996 421 4078 qui
443 3996 507 4058 solo
530 3995 630 4058 fecisti
654 3997 760 4058 secula
781 4000 887 4072 verbo,

146 4115 327 4129 —u—fl—-n-

172 4183 220 4230 8¹13.
238 4185 369 4244 proprio,
383 4181 423 4238 M„
439 4181 619 4238 propria-palma.
646 4178 694 4226 Sil.
710 4181 815 4237 strigi,
830 4181 871 4238 M.;
886 4179 955 4234 vargi.
969 4180 994 4221 L.
1009 4177 1033 4223 ll.
1047 4177 1075 4221 (i.
1087 4171 1134 4226 ⁸27·

1024 4233 1074 4305 3*
