3134 4896
482 1141 661 1259 Postquam
680 1199 829 1264 corporeo
855 1177 996 1242 Christus
1016 1182 1169 1244 velamine
1190 1186 1290 1244 tentus

478 1279 638 1364 Temporis
659 1284 798 1366 implevit
818 1283 950 1364 spatium
973 1286 1054 1346 sueri
1073 1286 1293 1361 venerandum,

474 1385 567 1456 Quod
590 1404 659 1448 eum
679 1386 844 1467 terrigenis
864 1386 978 1448 mansit
999 1389 1164 1468 dignanter
1184 1389 1342 1463 homullis,

411 1561 415 1574 Ι
474 1487 536 1559 Qui
557 1491 641 1553 solus
662 1490 790 1552 maculis
815 1493 915 1573 potuit
934 1492 999 1553 sine
1020 1493 1129 1554 vivere
1149 1493 1284 1566 eunetis,

431 1599 461 1664 5.
469 1599 513 1666 Ut
532 1616 589 1680 per
610 1616 643 1656 se
664 1595 753 1656 modo
774 1595 1001 1657 demonstraret
1019 1595 1197 1658 redimendo

474 1700 595 1767 Gaudia
618 1699 798 1780 perpetuae,
820 1699 973 1778 quondam
991 1699 1072 1759 mele
1092 1700 1222 1781 perdite,
1242 1700 1334 1772 vitae,

470 1799 605 1888 Postque
617 1801 1049 1888 triumphalemsanttamque,
1060 1803 1271 1884 piamquoqus
1279 1806 1422 1878 mortem,

476 1905 577 1978 Quem
597 1904 697 1966 nostri
715 1922 810 1965 nausa
828 1905 984 1988 patienter
1006 1905 1136 1987 pertulit
1156 1925 1242 1985 ergo,

474 2011 559 2072 Dum.
574 2008 674 2069 vietor
693 2025 807 2090 magno
828 2008 924 2088 tregit
942 2009 1108 2070 luctamine
1130 2009 1192 2070 tela

407 2111 599 2175 10.Humeni
620 2111 744 2190 generis
765 2110 944 2171 saevissima
965 2112 1087 2172 fortiter
1108 2113 1211 2186 hostis,

425 2277 432 2292 ,
477 2209 645 2296 sanguinis
665 2216 697 2274 et
716 2213 851 2296 pretiurm
870 2215 986 2298 proprii
1004 2215 1103 2295 gretie
1123 2215 1208 2279 dedit
1227 2217 1371 2301 emplum,

474 2320 535 2382 Pro
556 2317 643 2380 nobis
664 2317 794 2378 unimam
816 2318 973 2398 deponens
994 2319 1024 2378 in
1045 2337 1137 2379 eruce
1158 2336 1269 2390 earam,

475 2421 603 2485 Necnon
625 2420 754 2500 gloriola
774 2421 932 2502 surgentis
952 2421 1011 2483 rite
1031 2426 1157 2503 peraeta

471 2525 574 2607 Atque
598 2525 815 2605 quaterdenis
837 2525 898 2585 diei
921 2525 1012 2607 spatii
1031 2525 1203 2607 replicatis,

409 2627 506 2692 15.1n
527 2627 606 2709 quis,
628 2627 785 2710 discipulis
805 2646 958 2709 apparens
980 2629 1086 2690 sedulo
1110 2628 1208 2704 euris,

471 2731 550 2792 Esse
571 2750 626 2792 sne
647 2733 792 2803 nostram,
820 2734 979 2805 monstret,
1007 2751 1076 2792 eum
1096 2735 1194 2793 morte
1216 2738 1417 2814 peremptum,

473 2833 540 2895 Nee
559 2833 666 2895 mortis
686 2833 796 2893 vinclis
817 2853 851 2893 se
874 2853 965 2914 posse
985 2835 1120 2895 tenerier
1140 2834 1225 2910 artis,

474 2936 536 3009 Qui
556 2936 640 2998 eolus
662 2937 770 3017 eulpae
791 2935 894 2996 fuerat
913 2936 979 2997 sine
1000 2937 1140 2998 sordibus
1161 2935 1263 3022 Auge,

478 3040 638 3102 Postremo
659 3039 738 3100 euris
758 3038 866 3099 iisdem
884 3041 1072 3100 monstratus
1092 3039 1206 3114 amieis,

409 3139 585 3206 tuMontis
609 3141 741 3204 oliviferi
760 3143 920 3222 praecelso
939 3141 1058 3203 vertiee
1080 3143 1184 3224 quidni

472 3245 598 3321 natans,
619 3245 802 3324 astrigeram
822 3264 896 3306 mox
919 3263 1104 3308 escensurus
1125 3247 1166 3308 ed
1188 3248 1299 3322 aulem,

471 3347 654 3429 Affaturque
675 3367 747 3410 suos
767 3367 836 3410 eum
856 3349 912 3410 tali
926 3369 1004 3411 voce
1024 3350 1193 3412 ministros:

474 3450 536 3529 „Ut
554 3451 648 3514 Peter
668 3451 700 3513 in
720 3453 868 3518 mundum
888 3473 936 3515 me
956 3454 1095 3536 promisit
1116 3454 1174 3516 sibi
1195 3473 1308 3528 earum,

473 3553 544 3632 „sio
567 3575 627 3638 ego
647 3556 734 3620 mitto
754 3574 839 3620 meos
860 3557 989 3620 dilectos
1008 3561 1129 3620 vosmet
1150 3557 1279 3634 amieos3

407 3655 458 3724 25.
470 3657 532 3736 „At
551 3679 616 3735 vos,
638 3661 670 3721 in
691 3661 801 3741 gentes
824 3661 914 3724 eitius
936 3662 1061 3723 eunntss
1082 3662 1241 3735 abeuntes,

472 3761 567 3840 „Illas
587 3765 757 3846 perpetuae
778 3763 862 3825 vitae
881 3763 1026 3825 mundata
1046 3762 1163 3839 docete,

476 3863 667 3941 „Credentes
689 3884 777 3928 saera
796 3873 966 3948 purgantes
988 3866 1072 3928 oeins
1092 3866 1176 3928 unde

417 4030 584 4078 1.Asstotuu.
610 4033 631 4077 6.
647 4031 797 4085 quandin,
811 4033 841 4074 Μ.
857 4045 880 4077 u.
894 4033 919 4076 Ρ.
954 4035 983 4077 li.
997 4034 1116 4077 Nennnir
1131 4036 1216 4088 mertis,
1230 4036 1261 4079 Μ.
1275 4048 1298 4079 ιι.
1315 4037 1338 4078 Ρ.

413 4103 447 4148 tt.
462 4102 660 4156 intensurus,
675 4100 706 4145 Μ.
721 4113 744 4146 u.
758 4101 783 4143 Ρ.
797 4104 837 4143 nit
850 4102 889 4144 der
904 4103 1024 4145 cernetur
1037 4105 1077 4146 ds:
1092 4105 1183 4146 zwetten
1199 4107 1244 4157 „·“
1256 4108 1279 4147 tn
1295 4108 1346 4158 „e“.

413 4169 447 4216 n.
461 4181 520 4214 nes
537 4169 567 4214 u.
582 4182 605 4214 ιι.
621 4169 646 4212 Ρ.

373 4394 1156 4850 usn
