3134 4896
783 445 998 522 ..sm

463 634 636 700 inhaerens
659 651 749 696 servo
773 629 936 713 corumque
959 629 1062 694 calore
1085 628 1216 704 secreto,

378 741 449 805 360.
505 741 654 822 Legalem
677 737 832 799 dominnm
853 735 973 818 respuit
995 736 1033 796 ob
1055 735 1211 796 famulum

462 843 595 907 Crimina
616 849 691 906 tunc
712 842 811 904 hostis
834 839 960 920 scalpsit
981 838 1101 900 nudare
1123 837 1240 910 feralis,

509 949 597 1019 Quae
621 947 716 1008 caluit
736 943 860 1027 proprio
883 946 1001 1004 structa
1025 941 1121 1002 fnisse
1145 942 1223 1015 dolo,

465 1052 687 1133 Impatiensque
709 1067 814 1109 morae
836 1065 952 1108 vacuas
970 1046 1128 1127 jaculabat
1150 1045 1181 1105 in
1203 1063 1305 1117 auras,

507 1155 703 1233 Divulgendo
726 1171 814 1214 suam
836 1149 969 1230 denique
991 1149 1149 1211 laetitiam.

378 1257 450 1320 365.
548 1258 629 1318 Dum
652 1257 754 1318 fuerat
775 1255 872 1334 vulgo
894 1274 945 1314 res
968 1251 1121 1314 diffamata
1144 1252 1276 1313 dolenda

505 1361 696 1422 Francorum
718 1359 822 1439 gentis
845 1357 983 1418 omnibus
1006 1357 1169 1436 indigenis,

463 1463 560 1525 Pulsu
582 1463 758 1542 linguarum
781 1467 891 1526 tenues
915 1461 1066 1522 conflatur
1088 1461 1128 1522 ad
1150 1479 1241 1520 aures

508 1566 614 1628 Sancti
636 1564 790 1646 Gongolfi,
814 1567 949 1628 consulis
972 1564 1102 1626 almifici.

464 1669 507 1733 Ut
528 1669 562 1750 (i)
586 1669 668 1751 capit
691 1669 774 1751 (ista)
798 1671 934 1732 latebras
955 1669 1065 1748 illapsa
1086 1670 1226 1748 perantes
1311 1731 1316 1740 ¹

374 1769 446 1834 370.
504 1772 651 1848 Verbula',
673 1793 734 1834 non
756 1773 896 1834 minimae
919 1773 1026 1834 nuntia
1047 1771 1229 1841 moestitiae·
1307 1778 1316 1795 ¹

463 1875 620 1954 Ingemuit
642 1878 705 1936 tam
726 1875 816 1938 triste
838 1877 928 1936 nefas
951 1860 1148 1954 dignissimus
1168 1873 1270 1945 heros,

495 1973 643 2056 'Angoris
665 1997 777 2057 magno
799 1979 939 2058 tangitur
963 1982 994 2039 et
1012 1978 1132 2058 jaculo3

463 2081 552 2141 Intus
575 2079 605 2140 in
629 2085 761 2160 angnsta
783 2083 881 2144 volvit
904 2101 1024 2162 qnoque
1047 2079 1180 2161 pectoris
1202 2080 1272 2139 aula

503 2183 569 2244 Res
591 2183 648 2244 sibi
671 2183 821 2260 diversas,
845 2186 933 2246 trista
957 2184 1097 2258 dolendo,
1120 2183 1212 2243 duas:

375 2285 447 2349 375.
462 2287 598 2348 Primule
620 2287 797 2362 vindictam,
820 2287 943 2369 poenali
964 2290 1036 2368 lege
1058 2287 1227 2369 parandam

502 2390 563 2452 Pro
585 2387 712 2452 sceleris
734 2391 812 2452 tanti
832 2390 957 2452 erimine
980 2391 1118 2464 terribili,

461 2494 537 2556 Post
558 2487 781 2555 varo'veniam
805 2495 913 2557 solitae
936 2496 1060 2578 pietatis
1083 2494 1252 2567 amandam,

383 2625 386 2632 ·
432 2577 545 2658 ”ut
567 2597 650 2658 dolet
672 2599 712 2658 ad
734 2599 861 2679 tempus
884 2599 955 2659 hino
977 2599 1243 2660 nimiumdubius.

465 2698 558 2762 Certe
580 2701 635 2762 sed
657 2701 798 2762 meritam
819 2702 913 2762 solvit
934 2704 1060 2764 tandem
1081 2703 1131 2783 pie
1153 2719 1292 2783 poenam,
1345 2735 1352 2748 ·

379 2800 453 2864 380.
507 2803 671 2864 Diffnmarc
694 2805 801 2865 soclus
824 2825 881 2865 neo
902 2806 1006 2885 placet
1026 2805 1166 2879 ulterius,

466 2903 622 2967 Sollicitus
645 2909 764 2967 tantum
786 2908 917 2968 nrissrae
941 2910 1057 2970 crimen
1080 2909 1253 2990 prohibere,

507 3007 573 3092 Nec
595 3010 763 3089 posthaec
786 3014 903 3072 temere
925 3012 1048 3072 viveret
1070 3013 1100 3072 in
1123 3013 1249 3072 scolere.

552 3110 689 3192 Cumque
712 3113 794 3193 piam
818 3115 899 3175 curis
922 3117 1055 3174 mentam
1077 3116 1200 3176 laxaret
1222 3114 1252 3175 in
1276 3113 1347 3185 illis,

471 3233 475 3242 ’
507 3199 652 3294 Contigit,
675 3216 784 3279 atriolo
808 3237 933 3278 currere
957 3238 990 3277 sc
1011 3217 1134 3298 proprio

377 3313 449 3378 385.
466 3315 580 3378 Contra
603 3317 742 3379 fonticuli
764 3320 885 3381 sibimet
906 3319 991 3402 prius
1015 3321 1093 3382 ostia
1114 3320 1198 3382 missi

507 3420 605 3482 Nubis
628 3442 684 3502 per
706 3423 817 3484 mirum
840 3423 966 3485 coalitos
989 3424 1129 3484 officium.
1243 3405 1246 3412 .
1311 3403 1315 3410 ⁴

463 3521 523 3584 Hic
545 3525 597 3586 ubi
620 3521 794 3604 Gongolfns
817 3525 1000 3598 subsisteret
1021 3528 1087 3608 ipss
1109 3529 1228 3600 beatus,
1262 3513 1267 3524 ’

432 3613 456 3628 ”
491 3614 629 3710 ’Όοιῄιικ
651 3627 767 3688 lascive
790 3627 920 3690 affuerat
942 3629 1051 3690 subito.
1234 3691 1238 3698 ,

465 3729 566 3800 Quam
587 3750 661 3791 mox
682 3729 817 3812 pacificis
840 3731 950 3792 affatur
974 3728 1106 3812 deniqne
1128 3732 1241 3806 verbis,

374 3830 446 3895 390,
507 3832 595 3893 Talia
618 3833 761 3895 dictando
783 3852 836 3896 ore
860 3833 935 3896 satis
957 3834 1104 3915 gravido:

399 4037 446 4079 ³63.
465 4047 552 4089 more,
570 4036 601 4080 Μ.
628 4036 675 4081 ³65.
689 4036 727 4088 ί)
746 4036 795 4086 Um,
816 4039 841 4080 C.
863 4037 938 4089 Curua,
958 4037 980 4076 S.
1009 4039 1055 4080 ³¹59.
1080 4040 1108 4079 lit
1123 4042 1183 4092 capit
1205 4041 1301 4081 latebras
1325 4041 1410 4093 illapsa

399 4107 404 4116 “
465 4109 573 4157 perantes,
587 4105 617 4147 Μ.
635 4117 656 4144 u.
672 4104 707 4157 l’.3
723 4103 867 4156 Ut'caplnt
881 4106 1016 4157 latebras,
1030 4103 1168 4160 poscens,
1189 4109 1273 4161 illapsa
1292 4113 1408 4162 peraratas

463 4174 487 4218 c.
502 4187 525 4224 n.
542 4173 564 4216 8.
582 4175 629 4226 ³⁷2·
645 4177 774 4235 angusto,
790 4172 829 4228 lt,
844 4173 868 4221 0.
884 4185 907 4222 n.
923 4173 957 4230 sp
973 4181 1068 4234 topanta
1082 4177 1171 4222 -sola
