3122 4894
554 483 794 558 *am-

546 663 810 750 Paphnutius.

158 769 278 854 Corpus
308 777 340 836 et
371 773 480 848 anima,
516 775 596 854 quia,
624 773 698 833 licet
730 771 785 832 illa
815 769 880 833 'sint
901 753 1066 848 contario,
1087 763 1191 835 tameil

157 881 241 938 sunt
255 877 440 958 corporalia;
471 877 579 937 anima·
593 874 734 956 autom')
756 893 815 936 nec
836 875 982 952 mortalis,
1004 879 1040 950 ut
1068 895 1190 962 corpus,

157 999 216 1040 nec
239 999 351 1062 corpus
373 979 520 1062 spiritalis
533 980 558 1062 ⁸)
581 982 616 1040 ut
637 978 746 1038 anima.
912 973 915 990 ³
1097 977 1101 993 ¹
1126 965 1149 994 ”
1244 971 1247 982 ’

495 1135 497 1143 .
568 1079 781 1163 Discipuli.

157 1167 216 1230 Ita.

539 1251 832 1339 Paphnutius..

140 1356 193 1420 ‘si
223 1360 327 1420 tamen
361 1356 539 1420 dialecticos
571 1355 736 1436 sequimur,
769 1373 828 1416 nac
860 1355 915 1416 illa
944 1356 1098 1420 contraria
1120 1377 1189 1419 esso

160 1461 302 1523 fatemur.

567 1545 782 1627 Discipuli.

156 1649 202 1712 Et
224 1649 291 1731 quis
313 1651 417 1733 potest
438 1651 582 1730 negare?

542 1751 804 1833 Paphnutius.

157 1857 221 1929 Qui
243 1855 404 1918 dialectice
426 1856 484 1917 scit
494 1855 520 1937 ⁹)
549 1855 718 1936 disputare,
746 1854 818 1936 quia
838 1853 924 1915 usiae
946 1853 1023 1916 nihil
1045 1855 1094 1918 est
1115 1874 1185 1918 con·

156 1960 295 2037 trarium,
317 1959 374 2022 sed
394 1959 587 2042 receptatrix
609 1962 658 2022 est
680 1957 911 2020 contrariorum.

566 2061 778 2142 Discipuli.

155 2166 240 2238 Quid
262 2165 320 2227 sibi
340 2166 417 2242 vult,
436 2165 518 2247 quod
540 2164 655 2242 dixisti,
667 2165 836 2230 secundum
857 2164 1065 2229 harmonicam
1085 2167 1188 2230 mode·

155 2270 332 2331 rationem?
411 2273 414 2280 ’

547 2351 808 2438 Paphnutius.

155 2455 194 2516 Id
206 2455 333 2532 scilicet,
345 2456 436 2537 quod,
451 2456 532 2518 sicut
544 2456 645 2538 pressi
653 2457 905 2535 excellentesque
920 2455 997 2532 soni,
1012 2456 1188 2528 harmonice

157 2559 330 2639 conjuncti,
360 2559 505 2640 quiddam
532 2557 698 2641 perficiunt
727 2557 890 2633 musicum,
912 2557 955 2620 ita
978 2558 1103 2622 dissona
1125 2562 1187 2623 ele·

155 2664 269 2740 menta,
282 2661 503 2724 convenienter
512 2660 738 2736 concordantia,
749 2681 845 2724 unum
856 2662 1020 2745 perficiunt
1033 2663 1187 2726 mundum.

568 2763 786 2846 Discipuli.
1192 2837 1196 2844 ,

155 2865 279 2942 Mirum,
300 2865 450 2948 quomodo
469 2866 593 2930 dissona
612 2868 800 2944 concordari,
818 2868 871 2930 vel
886 2861 1105 2933 concordantia
1118 2887 1188 2953 pos·

158 2971 221 3032 sint
243 2969 366 3032 dissona
389 2969 456 3032 dici.

542 3055 806 3138 Paphnutius.

154 3155 238 3229 Quia
259 3156 334 3218 nihil
357 3177 399 3219 ex
420 3157 568 3219 similibus
584 3161 724 3241 componi
745 3162 878 3238 videtur,
895 3181 954 3224 nec
975 3181 1018 3224 ax
1036 3161 1093 3239 his,
1108 3175 1189 3244 quaa

153 3263 242 3323 nulla
274 3260 401 3322 rationis
430 3261 628 3342 proportione
653 3264 828 3344 junguntur
858 3266 890 3326 ot
910 3283 930 3326 a
951 3285 985 3327 so
1013 3266 1095 3329 omni
1116 3267 1187 3329 sub·

154 3363 271 3426 stantia
291 3364 465 3444 naturaque
487 3364 622 3426 discreta
644 3368 725 3426 sunt.

569 3467 783 3548 Discipuli

159 3568 242 3640 Quid
264 3569 313 3630 est
333 3567 474 3630 musica?
815 3561 818 3569 ⁴

545 3652 807 3736 Paphnutius.

139 3756 328 3840 Disciplina
349 3773 412 3818 una
434 3755 473 3818 de
495 3756 707 3838 philosophiae
730 3757 909 3838 quadruvio.

564 3857 779 3942 Discipuli

153 3941 239 4016 Quid
261 3947 309 4006 est
330 3943 398 4021 hoc,
421 3943 503 4025 quod
525 3943 601 4006 dicis
624 3945 855 4026 quadruvium?

154 4065 335 4076 ———

175 4127 540 4185 ·1)1111ει,111111110.1.8.
566 4128 759 4183 81111111111,
777 4127 1189 4186 0.,8.1.11ς.;1.11111111.(111111)

218 4199 245 4253 9)
260 4199 310 4254 111,
324 4209 370 4240 von
384 4198 442 4240 aller
458 4197 768 4255 11111111111111111111,
784 4199 815 4242 11.
944 4252 985 4318 16
