3144 4888
790 455 1027 524 ...148-

785 630 1036 695 Gallicanae.

391 733 442 798 Eh
463 737 541 798 heu!
557 735 595 819 ¹⁰)
617 735 818 817 dedignatum
839 736 1000 816 praescivi
1022 735 1152 813 instate,
1165 755 1289 817 quaeso,
1303 756 1428 799 mecum

395 840 549 922 precibus,

798 923 1020 1007 Principes.

392 1029 495 1091 Decet
515 1032 615 1105 tuam,
648 1028 816 1110 imperator
838 1029 982 1107 egregie,
1016 1027 1215 1108 dignitatem,
1244 1032 1279 1091 ut
1300 1050 1356 1111 pro
1379 1031 1429 1092 sui

266 1183 275 1212 ,
394 1133 574 1194 reverentia
595 1133 653 1193 hoo
674 1131 799 1193 illinon
821 1133 946 1192 abnuas.

762 1233 1066 1296 Constantinus.

395 1337 428 1400 Si
446 1339 488 1417 ¹¹)
511 1340 620 1412 abnuo,
643 1340 791 1418 quantum
813 1338 852 1398 ad
872 1359 937 1415 me;
960 1338 1016 1398 sed
1037 1338 1141 1399 subtili
1155 1339 1287 1419 primum
1302 1339 1428 1419 inquisi-

395 1442 480 1504 tione
502 1461 573 1503 reor
595 1441 857 1522 investigandum,
878 1460 918 1501 an
939 1441 1001 1502 filia
1023 1444 1171 1522 praebeat
1192 1461 1361 1503 assensum.

796 1543 1020 1626 Principes.

395 1645 595 1727 Consequens
619 1649 675 1709 est.

758 1749 1058 1812 Constantinus.

395 1852 452 1916 ibo
475 1853 650 1935 ipsamque,
678 1853 814 1928 sinclis,
846 1848 1015 1928 Gallicane,
1037 1873 1093 1933 pito
1115 1853 1174 1914 hac
1195 1871 1230 1914 re
1253 1853 1424 1933 appellabo.

793 1953 1039 2017 Gallicanus.

394 2040 443 2103 Ac
464 2042 573 2104 libens.

789 2210 1031 2274 Constantia.
1187 2291 1191 2301 Ι

394 2315 541 2377 Dominus
573 2314 739 2396 imperator
769 2315 834 2379 adit
860 2335 917 2378 nos
948 2315 1036 2377 solito
1067 2306 1201 2394 tristior}
1232 2316 1305 2398 quid
1349 2315 1429 2377 velit

394 2419 598 2480 vehementer
618 2419 759 2480 adminor.

758 2519 1067 2584 Constantinus.

394 2621 466 2685 Huc
488 2624 572 2701 edes,
595 2645 613 2688 o
635 2625 698 2688 filia
720 2623 907 2700 Constantia,
928 2625 1034 2705 paucis
1056 2628 1088 2685 te
1109 2625 1189 2687 volo.

786 2727 1035 2790 Constantia.

393 2827 518 2906 Assum,
541 2829 662 2891 domine
683 2830 738 2907 mi;
757 2831 841 2911 jube,
864 2829 937 2908 quid
957 2829 1044 2890 velis.

760 2929 1066 2992 Constantinus.

394 3031 564 3094 Anxietate
587 3033 687 3093 cordis
709 3033 823 3112 fatigor
845 3033 996 3112 gravique
1017 3033 1142 3094 tristitia
1163 3035 1288 3110 afficior.
1328 3093 1330 3098 .

781 3133 1030 3196 Constantia.
1189 3128 1190 3131 '

393 3236 437 3299 Ut
456 3239 488 3296 te
510 3236 687 3298 venientem
709 3237 849 3320 adspexi,
877 3237 1033 3299 tristitiam
1062 3239 1252 3320 deprehendi
1283 3243 1323 3318 et,
1353 3241 1428 3303 licet

395 3357 521 3400 causam
548 3339 739 3419 ignorarem,
772 3343 953 3403 conturbata
975 3342 1126 3423 pertimui.

760 3442 1060 3507 Constantinus.

393 3544 456 3607 Tui
477 3564 571 3608 causa
593 3547 722 3610 contrist
741 3567 765 3610 r.
819 3611 820 3618 ,

786 3649 1035 3713 Constantia.
1052 3708 1066 3730 ι

390 3750 480 3848 Mei?

390 3921 456 3984 Tui.

760 3835 1059 3900 Constantinus.

419 4157 456 4214 io)
470 4156 527 4212 ssu,
541 4155 597 4204 aas}
614 4154 638 4204 c.
653 4169 674 4204 ιι.
692 4155 715 4200 s.
737 4131 779 4213 n)
792 4158 853 4202 sen
866 4159 948 4214 onus,
966 4159 992 4206 c.
1005 4173 1028 4206 u.
1043 4159 1067 4208 s.
