<?xml version="1.0" encoding="UTF-8"?>
<!DOCTYPE html PUBLIC "-//W3C//DTD XHTML 1.0 Transitional//EN"
    "http://www.w3.org/TR/xhtml1/DTD/xhtml1-transitional.dtd">
<html xmlns="http://www.w3.org/1999/xhtml" xml:lang="en" lang="en">
 <head>
  <title>
</title>
<meta http-equiv="Content-Type" content="text/html;charset=utf-8" />
  <meta name='ocr-system' content='tesseract 3.04.00' />
  <meta name='ocr-capabilities' content='ocr_page ocr_carea ocr_par ocr_line ocrx_word'/>
</head>
<body>
  <div class='ocr_page' id='page_1' title='image "./diewerkederhrot00hrotgoog_0145.png"; bbox 0 0 3134 4896; ppageno 0'>
   <div class='ocr_carea' id='block_1_1' title="bbox 785 436 1000 510">
    <p class='ocr_par' dir='ltr' id='par_1_1' title="bbox 785 436 1000 510">
     <span class='ocr_line' id='line_1_1' title="bbox 785 436 1000 510; baseline 0.014 -17"><span class='ocrx_word' id='word_1_1' title='bbox 785 436 1000 510; x_wconf 71' lang='grc'>..66-</span> 
     </span>
    </p>
   </div>
   <div class='ocr_carea' id='block_1_2' title="bbox 384 608 1393 3993">
    <p class='ocr_par' dir='ltr' id='par_1_2' title="bbox 463 608 1174 696">
     <span class='ocr_line' id='line_1_2' title="bbox 463 608 1174 696; baseline 0.014 -24"><span class='ocrx_word' id='word_1_2' title='bbox 463 608 572 693; x_wconf 88' lang='lat' dir='ltr'><strong>Deque</strong></span> <span class='ocrx_word' id='word_1_3' title='bbox 593 616 755 696; x_wconf 88' lang='lat' dir='ltr'><strong>profanato</strong></span> <span class='ocrx_word' id='word_1_4' title='bbox 777 637 882 680; x_wconf 85' lang='lat' dir='ltr'><strong>secum</strong></span> <span class='ocrx_word' id='word_1_5' title='bbox 905 620 1031 682; x_wconf 87' lang='lat' dir='ltr'><strong>sordere</strong></span> <span class='ocrx_word' id='word_1_6' title='bbox 1052 621 1174 682; x_wconf 83' lang='lat' dir='ltr'><strong>sacello.</strong></span> 
     </span>
    </p>

    <p class='ocr_par' dir='ltr' id='par_1_3' title="bbox 460 715 1384 1010">
     <span class='ocr_line' id='line_1_3' title="bbox 501 715 1351 804; baseline 0.009 -28"><span class='ocrx_word' id='word_1_7' title='bbox 501 715 625 795; x_wconf 86' lang='lat' dir='ltr'><strong>Agmen</strong></span> <span class='ocrx_word' id='word_1_8' title='bbox 647 720 703 780; x_wconf 89' lang='lat' dir='ltr'><strong>sed</strong></span> <span class='ocrx_word' id='word_1_9' title='bbox 725 722 874 798; x_wconf 88' lang='lat' dir='ltr'><strong>tenerum,</strong></span> <span class='ocrx_word' id='word_1_10' title='bbox 893 720 1014 784; x_wconf 82' lang='lat' dir='ltr'><strong>Christo</strong></span> <span class='ocrx_word' id='word_1_11' title='bbox 1036 727 1160 804; x_wconf 86' lang='lat' dir='ltr'><strong>pastore</strong></span> <span class='ocrx_word' id='word_1_12' title='bbox 1172 725 1351 803; x_wconf 88' lang='lat' dir='ltr'><strong>regendum,</strong></span> 
     </span>
     <span class='ocr_line' id='line_1_4' title="bbox 461 813 1252 907; baseline 0.014 -31"><span class='ocrx_word' id='word_1_13' title='bbox 461 813 586 880; x_wconf 88' lang='lat' dir='ltr'><strong>Iussum</strong></span> <span class='ocrx_word' id='word_1_14' title='bbox 606 824 749 904; x_wconf 90' lang='lat' dir='ltr'><strong>perversi</strong></span> <span class='ocrx_word' id='word_1_15' title='bbox 770 825 891 906; x_wconf 83' lang='lat' dir='ltr'>respuit</span> <span class='ocrx_word' id='word_1_16' title='bbox 911 823 985 888; x_wconf 82' lang='lat' dir='ltr'><strong>mox</strong></span> <span class='ocrx_word' id='word_1_17' title='bbox 1006 827 1096 886; x_wconf 84' lang='lat' dir='ltr'><strong>triste</strong></span> <span class='ocrx_word' id='word_1_18' title='bbox 1118 827 1252 907; x_wconf 79' lang='lat' dir='ltr'><strong>tyranni,</strong></span> 
     </span>
     <span class='ocr_line' id='line_1_5' title="bbox 460 921 1384 1010; baseline 0.004 -27"><span class='ocrx_word' id='word_1_19' title='bbox 460 921 574 984; x_wconf 85' lang='lat' dir='ltr'><strong>Dicens</strong></span> <span class='ocrx_word' id='word_1_20' title='bbox 596 926 690 987; x_wconf 88' lang='lat' dir='ltr'><strong>malle</strong></span> <span class='ocrx_word' id='word_1_21' title='bbox 712 927 799 1001; x_wconf 89' lang='lat' dir='ltr'><strong>mori,</strong></span> <span class='ocrx_word' id='word_1_22' title='bbox 821 928 924 1006; x_wconf 88' lang='lat' dir='ltr'><strong>legem</strong></span> <span class='ocrx_word' id='word_1_23' title='bbox 946 947 1069 1010; x_wconf 89' lang='lat' dir='ltr'><strong>quoque</strong></span> <span class='ocrx_word' id='word_1_24' title='bbox 1090 933 1189 990; x_wconf 90' lang='lat' dir='ltr'><strong>morte</strong></span> <span class='ocrx_word' id='word_1_25' title='bbox 1211 928 1302 1001; x_wconf 86' lang='lat' dir='ltr'><strong>tueri,</strong></span> <span class='ocrx_word' id='word_1_26' title='bbox 1381 925 1384 938; x_wconf 92' lang='lat'>&#39;</span> 
     </span>
    </p>

    <p class='ocr_par' dir='ltr' id='par_1_4' title="bbox 402 1025 1336 1317">
     <span class='ocr_line' id='line_1_6' title="bbox 402 1025 1308 1108; baseline -0.002 -16"><span class='ocrx_word' id='word_1_27' title='bbox 402 1025 452 1092; x_wconf 78' lang='lat'><strong>45.</strong></span> <span class='ocrx_word' id='word_1_28' title='bbox 469 1025 587 1090; x_wconf 82' lang='lat' dir='ltr'><strong>Vivere</strong></span> <span class='ocrx_word' id='word_1_29' title='bbox 610 1047 701 1108; x_wconf 89' lang='lat' dir='ltr'><strong>quam</strong></span> <span class='ocrx_word' id='word_1_30' title='bbox 723 1031 826 1104; x_wconf 90' lang='lat' dir='ltr'><strong>stulte,</strong></span> <span class='ocrx_word' id='word_1_31' title='bbox 849 1030 945 1091; x_wconf 86' lang='lat' dir='ltr'><strong>sacris</strong></span> <span class='ocrx_word' id='word_1_32' title='bbox 969 1031 1145 1092; x_wconf 89' lang='lat' dir='ltr'><strong>famulando</strong></span> <span class='ocrx_word' id='word_1_33' title='bbox 1168 1030 1308 1094; x_wconf 81' lang='lat' dir='ltr'>novellis.</span> 
     </span>
     <span class='ocr_line' id='line_1_7' title="bbox 461 1130 1336 1214; baseline 0 -22"><span class='ocrx_word' id='word_1_34' title='bbox 461 1130 539 1206; x_wconf 85' lang='lat' dir='ltr'><strong>Quo,</strong></span> <span class='ocrx_word' id='word_1_35' title='bbox 560 1152 628 1206; x_wconf 87' lang='lat' dir='ltr'><strong>rex,</strong></span> <span class='ocrx_word' id='word_1_36' title='bbox 651 1136 815 1214; x_wconf 86' lang='lat' dir='ltr'><strong>comperto,</strong></span> <span class='ocrx_word' id='word_1_37' title='bbox 837 1153 899 1196; x_wconf 90' lang='lat' dir='ltr'><strong>non</strong></span> <span class='ocrx_word' id='word_1_38' title='bbox 920 1136 1037 1214; x_wconf 86' lang='lat' dir='ltr'><strong>absque</strong></span> <span class='ocrx_word' id='word_1_39' title='bbox 1059 1133 1107 1194; x_wconf 84' lang='lat' dir='ltr'><strong>sui</strong></span> <span class='ocrx_word' id='word_1_40' title='bbox 1128 1133 1194 1196; x_wconf 86' lang='lat' dir='ltr'><strong>iore</strong></span> <span class='ocrx_word' id='word_1_41' title='bbox 1217 1135 1336 1208; x_wconf 88' lang='lat' dir='ltr'><strong>damno,</strong></span> 
     </span>
     <span class='ocr_line' id='line_1_8' title="bbox 461 1231 1216 1317; baseline 0 -21"><span class='ocrx_word' id='word_1_42' title='bbox 461 1231 575 1310; x_wconf 81' lang='lat' dir='ltr'>Sensit,</span> <span class='ocrx_word' id='word_1_43' title='bbox 595 1235 622 1296; x_wconf 86' lang='lat' dir='ltr'><strong>si</strong></span> <span class='ocrx_word' id='word_1_44' title='bbox 644 1235 761 1296; x_wconf 90' lang='lat' dir='ltr'><strong>eunctis</strong></span> <span class='ocrx_word' id='word_1_45' title='bbox 784 1237 899 1316; x_wconf 86' lang='lat' dir='ltr'><strong>pariter</strong></span> <span class='ocrx_word' id='word_1_46' title='bbox 920 1237 1099 1317; x_wconf 85' lang='lat' dir='ltr'><strong>praedivitis</strong></span> <span class='ocrx_word' id='word_1_47' title='bbox 1122 1237 1216 1312; x_wconf 86' lang='lat' dir='ltr'><strong>urbis,</strong></span> 
     </span>
    </p>

    <p class='ocr_par' dir='ltr' id='par_1_5' title="bbox 390 1337 1349 2560">
     <span class='ocr_line' id='line_1_9' title="bbox 462 1337 1293 1421; baseline 0 -23"><span class='ocrx_word' id='word_1_48' title='bbox 462 1337 563 1408; x_wconf 82' lang='lat' dir='ltr'><strong>Quam</strong></span> <span class='ocrx_word' id='word_1_49' title='bbox 585 1339 692 1399; x_wconf 87' lang='lat' dir='ltr'><strong>crebro</strong></span> <span class='ocrx_word' id='word_1_50' title='bbox 719 1337 841 1399; x_wconf 88' lang='lat' dir='ltr'><strong>validae</strong></span> <span class='ocrx_word' id='word_1_51' title='bbox 864 1339 946 1421; x_wconf 90' lang='lat' dir='ltr'><strong>cepit</strong></span> <span class='ocrx_word' id='word_1_52' title='bbox 966 1339 1132 1400; x_wconf 85' lang='lat' dir='ltr'><strong>luctamine</strong></span> <span class='ocrx_word' id='word_1_53' title='bbox 1154 1358 1293 1420; x_wconf 81' lang='lat' dir='ltr'><strong>pugnae,</strong></span> 
     </span>
     <span class='ocr_line' id='line_1_10' title="bbox 460 1437 1236 1505; baseline 0.004 -5"><span class='ocrx_word' id='word_1_54' title='bbox 460 1437 585 1501; x_wconf 84' lang='lat' dir='ltr'><strong>Civibus</strong></span> <span class='ocrx_word' id='word_1_55' title='bbox 608 1441 762 1505; x_wconf 81' lang='lat' dir='ltr'><strong>excidium</strong></span> <span class='ocrx_word' id='word_1_56' title='bbox 783 1441 890 1501; x_wconf 88' lang='lat' dir='ltr'><strong>mortis</strong></span> <span class='ocrx_word' id='word_1_57' title='bbox 914 1443 1069 1503; x_wconf 84' lang='lat' dir='ltr'><strong>conferret</strong></span> <span class='ocrx_word' id='word_1_58' title='bbox 1092 1461 1236 1503; x_wconf 88' lang='lat' dir='ltr'><strong>amarum.</strong></span> 
     </span>
     <span class='ocr_line' id='line_1_11' title="bbox 394 1539 1297 1626; baseline 0.001 -23"><span class='ocrx_word' id='word_1_59' title='bbox 394 1539 445 1604; x_wconf 81' lang='lat'><strong>50.</strong></span> <span class='ocrx_word' id='word_1_60' title='bbox 461 1540 508 1604; x_wconf 95' lang='lat' dir='ltr'><strong>Ob</strong></span> <span class='ocrx_word' id='word_1_61' title='bbox 531 1545 612 1626; x_wconf 89' lang='lat' dir='ltr'><strong>quod</strong></span> <span class='ocrx_word' id='word_1_62' title='bbox 634 1545 801 1618; x_wconf 83' lang='lat' dir='ltr'><strong>decrebim,</strong></span> <span class='ocrx_word' id='word_1_63' title='bbox 823 1544 908 1626; x_wconf 87' lang='lat' dir='ltr'><strong>prius</strong></span> <span class='ocrx_word' id='word_1_64' title='bbox 931 1544 1117 1606; x_wconf 88' lang='lat' dir='ltr'><strong>immutando</strong></span> <span class='ocrx_word' id='word_1_65' title='bbox 1140 1547 1297 1620; x_wconf 85' lang='lat' dir='ltr'><strong>statutum,</strong></span> 
     </span>
     <span class='ocr_line' id='line_1_12' title="bbox 461 1643 1251 1726; baseline 0.001 -19"><span class='ocrx_word' id='word_1_66' title='bbox 461 1643 573 1710; x_wconf 83' lang='lat' dir='ltr'><strong>Sauxit</strong></span> <span class='ocrx_word' id='word_1_67' title='bbox 593 1667 666 1710; x_wconf 88' lang='lat' dir='ltr'><strong>mox</strong></span> <span class='ocrx_word' id='word_1_68' title='bbox 687 1647 799 1726; x_wconf 87' lang='lat' dir='ltr'><strong>legem,</strong></span> <span class='ocrx_word' id='word_1_69' title='bbox 821 1647 950 1726; x_wconf 82' lang='lat' dir='ltr'><strong>vulgato</strong></span> <span class='ocrx_word' id='word_1_70' title='bbox 973 1648 1126 1726; x_wconf 75' lang='lat' dir='ltr'>dogmate,</span> <span class='ocrx_word' id='word_1_71' title='bbox 1149 1649 1251 1721; x_wconf 87' lang='lat' dir='ltr'><strong>talem,</strong></span> 
     </span>
     <span class='ocr_line' id='line_1_13' title="bbox 458 1749 1175 1832; baseline -0.006 -18"><span class='ocrx_word' id='word_1_72' title='bbox 458 1749 509 1827; x_wconf 85' lang='lat' dir='ltr'><strong>Ut,</strong></span> <span class='ocrx_word' id='word_1_73' title='bbox 532 1751 668 1832; x_wconf 89' lang='lat' dir='ltr'><strong>quisquis</strong></span> <span class='ocrx_word' id='word_1_74' title='bbox 689 1751 759 1828; x_wconf 88' lang='lat' dir='ltr'><strong>regi</strong></span> <span class='ocrx_word' id='word_1_75' title='bbox 779 1751 886 1811; x_wconf 90' lang='lat' dir='ltr'><strong>mallet</strong></span> <span class='ocrx_word' id='word_1_76' title='bbox 906 1750 1024 1811; x_wconf 86' lang='lat' dir='ltr'><strong>servire</strong></span> <span class='ocrx_word' id='word_1_77' title='bbox 1046 1751 1175 1832; x_wconf 88' lang='lat' dir='ltr'><strong>pereuni</strong></span> 
     </span>
     <span class='ocr_line' id='line_1_14' title="bbox 457 1852 1148 1936; baseline -0.004 -21"><span class='ocrx_word' id='word_1_78' title='bbox 457 1852 499 1915; x_wconf 88' lang='lat' dir='ltr'><strong>Et</strong></span> <span class='ocrx_word' id='word_1_79' title='bbox 519 1856 642 1936; x_wconf 88' lang='lat' dir='ltr'><strong>patrum</strong></span> <span class='ocrx_word' id='word_1_80' title='bbox 663 1872 764 1912; x_wconf 87' lang='lat' dir='ltr'><strong>mores</strong></span> <span class='ocrx_word' id='word_1_81' title='bbox 787 1852 858 1912; x_wconf 92' lang='lat' dir='ltr'><strong>olim</strong></span> <span class='ocrx_word' id='word_1_82' title='bbox 880 1871 1008 1913; x_wconf 83' lang='lat' dir='ltr'><strong>servare</strong></span> <span class='ocrx_word' id='word_1_83' title='bbox 1030 1853 1148 1928; x_wconf 80' lang='lat' dir='ltr'><strong>fideles,</strong></span> 
     </span>
     <span class='ocr_line' id='line_1_15' title="bbox 456 1955 1250 2038; baseline 0 -22"><span class='ocrx_word' id='word_1_84' title='bbox 456 1955 525 2018; x_wconf 90' lang='lat' dir='ltr'><strong>Hoc</strong></span> <span class='ocrx_word' id='word_1_85' title='bbox 547 1957 666 2018; x_wconf 83' lang='lat' dir='ltr'><strong>iaceret</strong></span> <span class='ocrx_word' id='word_1_86' title='bbox 687 1956 779 2030; x_wconf 89' lang='lat' dir='ltr'><strong>licito,</strong></span> <span class='ocrx_word' id='word_1_87' title='bbox 801 1956 886 2015; x_wconf 92' lang='lat' dir='ltr'><strong>nulla</strong></span> <span class='ocrx_word' id='word_1_88' title='bbox 906 1960 977 2038; x_wconf 92' lang='lat' dir='ltr'><strong>post</strong></span> <span class='ocrx_word' id='word_1_89' title='bbox 997 1955 1120 2016; x_wconf 81' lang='lat' dir='ltr'><strong>vindice</strong></span> <span class='ocrx_word' id='word_1_90' title='bbox 1142 1975 1250 2036; x_wconf 90' lang='lat' dir='ltr'><strong>poena,</strong></span> 
     </span>
     <span class='ocr_line' id='line_1_16' title="bbox 390 2053 1108 2134; baseline 0 -16"><span class='ocrx_word' id='word_1_91' title='bbox 390 2053 440 2119; x_wconf 80' lang='lat'><strong>55.</strong></span> <span class='ocrx_word' id='word_1_92' title='bbox 454 2057 523 2120; x_wconf 89' lang='lat' dir='ltr'><strong>Hac</strong></span> <span class='ocrx_word' id='word_1_93' title='bbox 545 2060 643 2124; x_wconf 88' lang='lat' dir='ltr'><strong>solum</strong></span> <span class='ocrx_word' id='word_1_94' title='bbox 666 2061 755 2120; x_wconf 88' lang='lat' dir='ltr'><strong>caute</strong></span> <span class='ocrx_word' id='word_1_95' title='bbox 778 2062 903 2118; x_wconf 86' lang='lat' dir='ltr'><strong>servata</strong></span> <span class='ocrx_word' id='word_1_96' title='bbox 925 2058 1108 2134; x_wconf 88' lang='lat' dir='ltr'><strong>conditione,</strong></span> 
     </span>
     <span class='ocr_line' id='line_1_17' title="bbox 456 2161 1217 2246; baseline -0.005 -22"><span class='ocrx_word' id='word_1_97' title='bbox 456 2161 505 2224; x_wconf 82' lang='lat' dir='ltr'><strong>Ne</strong></span> <span class='ocrx_word' id='word_1_98' title='bbox 528 2162 596 2244; x_wconf 87' lang='lat' dir='ltr'><strong>quis</strong></span> <span class='ocrx_word' id='word_1_99' title='bbox 618 2163 778 2246; x_wconf 77' lang='lat' dir='ltr'><strong>praefatae</strong></span> <span class='ocrx_word' id='word_1_100' title='bbox 802 2162 877 2222; x_wconf 86' lang='lat' dir='ltr'><strong>oivis</strong></span> <span class='ocrx_word' id='word_1_101' title='bbox 899 2163 1112 2244; x_wconf 83' lang='lat' dir='ltr'><strong>praesumeret</strong></span> <span class='ocrx_word' id='word_1_102' title='bbox 1133 2161 1217 2222; x_wconf 87' lang='lat' dir='ltr'><strong>urbis</strong></span> 
     </span>
     <span class='ocr_line' id='line_1_18' title="bbox 454 2263 1155 2346; baseline -0.007 -17"><span class='ocrx_word' id='word_1_103' title='bbox 454 2263 545 2329; x_wconf 87' lang='lat' dir='ltr'><strong>Ultra</strong></span> <span class='ocrx_word' id='word_1_104' title='bbox 565 2265 780 2346; x_wconf 84' lang='lat' dir='ltr'><strong>blasphemare</strong></span> <span class='ocrx_word' id='word_1_105' title='bbox 803 2264 869 2340; x_wconf 83' lang='lat' dir='ltr'><strong>diis,</strong></span> <span class='ocrx_word' id='word_1_106' title='bbox 892 2283 966 2325; x_wconf 86' lang='lat' dir='ltr'><strong>auro</strong></span> <span class='ocrx_word' id='word_1_107' title='bbox 989 2264 1155 2339; x_wconf 84' lang='lat' dir='ltr'><strong>fabricatis,</strong></span> 
     </span>
     <span class='ocr_line' id='line_1_19' title="bbox 455 2367 1349 2453; baseline -0.002 -25"><span class='ocrx_word' id='word_1_108' title='bbox 455 2367 542 2438; x_wconf 82' lang='lat' dir='ltr'><strong>Quos</strong></span> <span class='ocrx_word' id='word_1_109' title='bbox 555 2368 700 2453; x_wconf 87' lang='lat' dir='ltr'><strong>princeps</strong></span> <span class='ocrx_word' id='word_1_110' title='bbox 714 2369 840 2443; x_wconf 82' lang='lat' dir='ltr'><strong>coleret,</strong></span> <span class='ocrx_word' id='word_1_111' title='bbox 855 2371 1011 2452; x_wconf 79' lang='lat' dir='ltr'><strong>sceptrum</strong></span> <span class='ocrx_word' id='word_1_112' title='bbox 1024 2369 1206 2450; x_wconf 77' lang='lat' dir='ltr'><strong>quicumque</strong></span> <span class='ocrx_word' id='word_1_113' title='bbox 1220 2369 1349 2439; x_wconf 87' lang='lat' dir='ltr'><strong>teneret,</strong></span> 
     </span>
     <span class='ocr_line' id='line_1_20' title="bbox 455 2467 1192 2560; baseline 0.001 -29"><span class='ocrx_word' id='word_1_114' title='bbox 455 2467 518 2532; x_wconf 84' lang='lat' dir='ltr'><strong>Seu</strong></span> <span class='ocrx_word' id='word_1_115' title='bbox 540 2473 633 2560; x_wconf 83' lang='lat' dir='ltr'><strong>caput</strong></span> <span class='ocrx_word' id='word_1_116' title='bbox 654 2471 765 2534; x_wconf 83' lang='lat' dir='ltr'><strong>exacto</strong></span> <span class='ocrx_word' id='word_1_117' title='bbox 787 2471 876 2533; x_wconf 83' lang='lat' dir='ltr'><strong>citius</strong></span> <span class='ocrx_word' id='word_1_118' title='bbox 899 2472 1087 2552; x_wconf 88' lang='lat' dir='ltr'><strong>subjungere</strong></span> <span class='ocrx_word' id='word_1_119' title='bbox 1108 2471 1192 2532; x_wconf 84' lang='lat' dir='ltr'><strong>ferro</strong></span> 
     </span>
    </p>

    <p class='ocr_par' dir='ltr' id='par_1_6' title="bbox 390 2568 1172 2656">
     <span class='ocr_line' id='line_1_21' title="bbox 390 2568 1172 2656; baseline 0.001 -24"><span class='ocrx_word' id='word_1_120' title='bbox 390 2568 440 2634; x_wconf 86' lang='lat'><strong>60.</strong></span> <span class='ocrx_word' id='word_1_121' title='bbox 453 2571 495 2634; x_wconf 82' lang='lat' dir='ltr'><strong>Et</strong></span> <span class='ocrx_word' id='word_1_122' title='bbox 516 2574 731 2636; x_wconf 82' lang='lat' dir='ltr'><strong>sententiolam</strong></span> <span class='ocrx_word' id='word_1_123' title='bbox 751 2575 806 2636; x_wconf 89' lang='lat' dir='ltr'><strong>leti</strong></span> <span class='ocrx_word' id='word_1_124' title='bbox 827 2575 968 2656; x_wconf 84' lang='lat' dir='ltr'><strong>perferre</strong></span> <span class='ocrx_word' id='word_1_125' title='bbox 991 2593 1172 2656; x_wconf 89' lang='lat' dir='ltr'><strong>supremam.</strong></span> 
     </span>
    </p>

    <p class='ocr_par' dir='ltr' id='par_1_7' title="bbox 491 2675 1187 2758">
     <span class='ocr_line' id='line_1_22' title="bbox 491 2675 1187 2758; baseline 0 -22"><span class='ocrx_word' id='word_1_126' title='bbox 491 2675 551 2738; x_wconf 87' lang='lat' dir='ltr'><strong>His</strong></span> <span class='ocrx_word' id='word_1_127' title='bbox 573 2677 616 2740; x_wconf 88' lang='lat' dir='ltr'><strong>ita</strong></span> <span class='ocrx_word' id='word_1_128' title='bbox 638 2677 777 2758; x_wconf 85' lang='lat' dir='ltr'><strong>digestis,</strong></span> <span class='ocrx_word' id='word_1_129' title='bbox 800 2678 940 2739; x_wconf 90' lang='lat' dir='ltr'><strong>simulata</strong></span> <span class='ocrx_word' id='word_1_130' title='bbox 961 2695 1038 2758; x_wconf 89' lang='lat' dir='ltr'><strong>paee</strong></span> <span class='ocrx_word' id='word_1_131' title='bbox 1062 2677 1187 2757; x_wconf 86' lang='lat' dir='ltr'><strong>quievit,</strong></span> 
     </span>
    </p>

    <p class='ocr_par' dir='ltr' id='par_1_8' title="bbox 451 2777 1258 3068">
     <span class='ocr_line' id='line_1_23' title="bbox 454 2777 1258 2862; baseline -0.006 -20"><span class='ocrx_word' id='word_1_132' title='bbox 454 2778 572 2842; x_wconf 88' lang='lat' dir='ltr'><strong>Obruta</strong></span> <span class='ocrx_word' id='word_1_133' title='bbox 594 2781 677 2842; x_wconf 89' lang='lat' dir='ltr'><strong>mille</strong></span> <span class='ocrx_word' id='word_1_134' title='bbox 699 2782 787 2842; x_wconf 88' lang='lat' dir='ltr'><strong>malis</strong></span> <span class='ocrx_word' id='word_1_135' title='bbox 810 2781 901 2841; x_wconf 92' lang='lat' dir='ltr'><strong>toties</strong></span> <span class='ocrx_word' id='word_1_136' title='bbox 923 2782 996 2841; x_wconf 89' lang='lat' dir='ltr'><strong>urbs</strong></span> <span class='ocrx_word' id='word_1_137' title='bbox 1019 2800 1129 2862; x_wconf 91' lang='lat' dir='ltr'><strong>nempe</strong></span> <span class='ocrx_word' id='word_1_138' title='bbox 1151 2777 1258 2840; x_wconf 85' lang='lat' dir='ltr'><strong>fidelis.</strong></span> 
     </span>
     <span class='ocr_line' id='line_1_24' title="bbox 455 2881 1211 2964; baseline -0.004 -20"><span class='ocrx_word' id='word_1_139' title='bbox 455 2881 518 2944; x_wconf 84' lang='lat' dir='ltr'><strong>Sed</strong></span> <span class='ocrx_word' id='word_1_140' title='bbox 539 2884 566 2944; x_wconf 89' lang='lat' dir='ltr'><strong>si</strong></span> <span class='ocrx_word' id='word_1_141' title='bbox 588 2903 664 2964; x_wconf 86' lang='lat' dir='ltr'><strong>quos</strong></span> <span class='ocrx_word' id='word_1_142' title='bbox 685 2883 766 2963; x_wconf 90' lang='lat' dir='ltr'><strong>ignis</strong></span> <span class='ocrx_word' id='word_1_143' title='bbox 790 2881 903 2944; x_wconf 85' lang='lat' dir='ltr'><strong>Christi</strong></span> <span class='ocrx_word' id='word_1_144' title='bbox 925 2884 1080 2944; x_wconf 86' lang='lat' dir='ltr'><strong>succensit</strong></span> <span class='ocrx_word' id='word_1_145' title='bbox 1101 2881 1211 2942; x_wconf 90' lang='lat' dir='ltr'><strong>amoris</strong></span> 
     </span>
     <span class='ocr_line' id='line_1_25' title="bbox 451 2983 1203 3068; baseline -0.003 -22"><span class='ocrx_word' id='word_1_146' title='bbox 451 2983 656 3066; x_wconf 86' lang='lat' dir='ltr'><strong>Martyriique</strong></span> <span class='ocrx_word' id='word_1_147' title='bbox 679 2987 753 3048; x_wconf 86' lang='lat' dir='ltr'><strong>satis</strong></span> <span class='ocrx_word' id='word_1_148' title='bbox 776 2987 873 3048; x_wconf 86' lang='lat' dir='ltr'><strong>suasit</strong></span> <span class='ocrx_word' id='word_1_149' title='bbox 895 3006 1091 3068; x_wconf 87' lang='lat' dir='ltr'><strong>corrumpere</strong></span> <span class='ocrx_word' id='word_1_150' title='bbox 1114 2985 1203 3045; x_wconf 88' lang='lat' dir='ltr'><strong>dietis</strong></span> 
     </span>
    </p>

    <p class='ocr_par' dir='ltr' id='par_1_9' title="bbox 387 3083 1393 3278">
     <span class='ocr_line' id='line_1_26' title="bbox 387 3083 1393 3171; baseline -0.001 -22"><span class='ocrx_word' id='word_1_151' title='bbox 387 3083 437 3150; x_wconf 86' lang='lat'><strong>65.</strong></span> <span class='ocrx_word' id='word_1_152' title='bbox 453 3088 617 3164; x_wconf 86' lang='lat' dir='ltr'><strong>Marmora,</strong></span> <span class='ocrx_word' id='word_1_153' title='bbox 636 3106 715 3170; x_wconf 88' lang='lat' dir='ltr'><strong>quae</strong></span> <span class='ocrx_word' id='word_1_154' title='bbox 727 3089 879 3171; x_wconf 86' lang='lat' dir='ltr'><strong>princeps,</strong></span> <span class='ocrx_word' id='word_1_155' title='bbox 903 3093 1041 3170; x_wconf 86' lang='lat' dir='ltr'><strong>comptus</strong></span> <span class='ocrx_word' id='word_1_156' title='bbox 1059 3089 1239 3162; x_wconf 88' lang='lat' dir='ltr'><strong>diademate,</strong></span> <span class='ocrx_word' id='word_1_157' title='bbox 1259 3086 1393 3167; x_wconf 83' lang='lat' dir='ltr'><strong>supplex</strong></span> 
     </span>
     <span class='ocr_line' id='line_1_27' title="bbox 451 3189 1185 3278; baseline 0.001 -26"><span class='ocrx_word' id='word_1_158' title='bbox 451 3189 587 3274; x_wconf 83' lang='lat' dir='ltr'><strong>Corpore</strong></span> <span class='ocrx_word' id='word_1_159' title='bbox 600 3194 761 3278; x_wconf 88' lang='lat' dir='ltr'><strong>prostrato</strong></span> <span class='ocrx_word' id='word_1_160' title='bbox 782 3194 950 3253; x_wconf 84' lang='lat' dir='ltr'><strong>veneratur</strong></span> <span class='ocrx_word' id='word_1_161' title='bbox 972 3194 1043 3254; x_wconf 90' lang='lat' dir='ltr'><strong>ture</strong></span> <span class='ocrx_word' id='word_1_162' title='bbox 1065 3195 1185 3266; x_wconf 89' lang='lat' dir='ltr'><strong>sabaeo,</strong></span> 
     </span>
    </p>

    <p class='ocr_par' dir='ltr' id='par_1_10' title="bbox 448 3293 1275 3479">
     <span class='ocr_line' id='line_1_28' title="bbox 448 3293 1265 3378; baseline 0 -24"><span class='ocrx_word' id='word_1_163' title='bbox 448 3293 515 3354; x_wconf 84' lang='lat' dir='ltr'><strong>Hos</strong></span> <span class='ocrx_word' id='word_1_164' title='bbox 538 3294 647 3376; x_wconf 88' lang='lat' dir='ltr'><strong>capitis</strong></span> <span class='ocrx_word' id='word_1_165' title='bbox 669 3295 769 3356; x_wconf 88' lang='lat' dir='ltr'><strong>subito</strong></span> <span class='ocrx_word' id='word_1_166' title='bbox 793 3295 971 3378; x_wconf 89' lang='lat' dir='ltr'><strong>dampnavit</strong></span> <span class='ocrx_word' id='word_1_167' title='bbox 993 3295 1127 3376; x_wconf 89' lang='lat' dir='ltr'><strong>denique</strong></span> <span class='ocrx_word' id='word_1_168' title='bbox 1149 3311 1265 3376; x_wconf 85' lang='lat' dir='ltr'><strong>poena;</strong></span> 
     </span>
     <span class='ocr_line' id='line_1_29' title="bbox 449 3393 1275 3479; baseline -0.007 -19"><span class='ocrx_word' id='word_1_169' title='bbox 449 3393 512 3460; x_wconf 80' lang='lat' dir='ltr'><strong>Sed</strong></span> <span class='ocrx_word' id='word_1_170' title='bbox 535 3416 663 3478; x_wconf 87' lang='lat' dir='ltr'><strong>superos</strong></span> <span class='ocrx_word' id='word_1_171' title='bbox 685 3398 803 3460; x_wconf 87' lang='lat' dir='ltr'><strong>animae</strong></span> <span class='ocrx_word' id='word_1_172' title='bbox 825 3399 989 3479; x_wconf 87' lang='lat' dir='ltr'><strong>petierunt,</strong></span> <span class='ocrx_word' id='word_1_173' title='bbox 1013 3397 1163 3477; x_wconf 88' lang='lat' dir='ltr'><strong>sanguine</strong></span> <span class='ocrx_word' id='word_1_174' title='bbox 1184 3395 1275 3458; x_wconf 88' lang='lat' dir='ltr'><strong>lotae.</strong></span> 
     </span>
    </p>

    <p class='ocr_par' dir='ltr' id='par_1_11' title="bbox 488 3497 1259 3584">
     <span class='ocr_line' id='line_1_30' title="bbox 488 3497 1259 3584; baseline -0.005 -22"><span class='ocrx_word' id='word_1_175' title='bbox 488 3497 617 3564; x_wconf 79' lang='lat' dir='ltr'><strong>Casibus</strong></span> <span class='ocrx_word' id='word_1_176' title='bbox 639 3503 686 3564; x_wconf 91' lang='lat' dir='ltr'><strong>his</strong></span> <span class='ocrx_word' id='word_1_177' title='bbox 708 3503 814 3584; x_wconf 85' lang='lat' dir='ltr'><strong>plures</strong></span> <span class='ocrx_word' id='word_1_178' title='bbox 836 3501 982 3564; x_wconf 82' lang='lat' dir='ltr'><strong>volvebat</strong></span> <span class='ocrx_word' id='word_1_179' title='bbox 1003 3497 1148 3561; x_wconf 81' lang='lat' dir='ltr'><strong>Corduba</strong></span> <span class='ocrx_word' id='word_1_180' title='bbox 1168 3499 1259 3575; x_wconf 85' lang='lat' dir='ltr'><strong>soles,</strong></span> 
     </span>
    </p>

    <p class='ocr_par' dir='ltr' id='par_1_12' title="bbox 384 3596 1290 3890">
     <span class='ocr_line' id='line_1_31' title="bbox 384 3596 1244 3686; baseline 0 -23"><span class='ocrx_word' id='word_1_181' title='bbox 384 3596 434 3664; x_wconf 76' lang='lat'><strong>70.</strong></span> <span class='ocrx_word' id='word_1_182' title='bbox 448 3599 576 3666; x_wconf 84' lang='lat' dir='ltr'><strong>Subdita</strong></span> <span class='ocrx_word' id='word_1_183' title='bbox 598 3623 655 3686; x_wconf 90' lang='lat' dir='ltr'><strong>per</strong></span> <span class='ocrx_word' id='word_1_184' title='bbox 676 3606 803 3686; x_wconf 90' lang='lat' dir='ltr'><strong>longum</strong></span> <span class='ocrx_word' id='word_1_185' title='bbox 823 3603 953 3686; x_wconf 84' lang='lat' dir='ltr'><strong>paganis</strong></span> <span class='ocrx_word' id='word_1_186' title='bbox 975 3603 1102 3681; x_wconf 85' lang='lat' dir='ltr'><strong>regibus</strong></span> <span class='ocrx_word' id='word_1_187' title='bbox 1124 3621 1244 3678; x_wconf 82' lang='lat' dir='ltr'><strong>aevum,</strong></span> 
     </span>
     <span class='ocr_line' id='line_1_32' title="bbox 448 3705 1243 3785; baseline -0.004 -18"><span class='ocrx_word' id='word_1_188' title='bbox 448 3705 554 3767; x_wconf 86' lang='lat' dir='ltr'><strong>Donec</strong></span> <span class='ocrx_word' id='word_1_189' title='bbox 576 3708 632 3768; x_wconf 91' lang='lat' dir='ltr'><strong>sub</strong></span> <span class='ocrx_word' id='word_1_190' title='bbox 656 3709 769 3770; x_wconf 87' lang='lat' dir='ltr'><strong>uostris</strong></span> <span class='ocrx_word' id='word_1_191' title='bbox 792 3707 915 3785; x_wconf 74' lang='lat' dir='ltr'><strong>quidam</strong></span> <span class='ocrx_word' id='word_1_192' title='bbox 936 3705 974 3765; x_wconf 89' lang='lat' dir='ltr'><strong>de</strong></span> <span class='ocrx_word' id='word_1_193' title='bbox 997 3706 1136 3785; x_wconf 86' lang='lat' dir='ltr'><strong>germine</strong></span> <span class='ocrx_word' id='word_1_194' title='bbox 1158 3706 1243 3784; x_wconf 85' lang='lat' dir='ltr'><strong>regis</strong></span> 
     </span>
     <span class='ocr_line' id='line_1_33' title="bbox 446 3805 1290 3890; baseline -0.001 -20"><span class='ocrx_word' id='word_1_195' title='bbox 446 3807 647 3889; x_wconf 76' lang='lat' dir='ltr'><strong>Temporibus</strong></span> <span class='ocrx_word' id='word_1_196' title='bbox 668 3828 800 3888; x_wconf 85' lang='lat' dir='ltr'><strong>regnum</strong></span> <span class='ocrx_word' id='word_1_197' title='bbox 822 3807 958 3890; x_wconf 82' lang='lat' dir='ltr'><strong>suscepit</strong></span> <span class='ocrx_word' id='word_1_198' title='bbox 978 3809 1059 3869; x_wconf 81' lang='lat' dir='ltr'><strong>forte</strong></span> <span class='ocrx_word' id='word_1_199' title='bbox 1080 3812 1251 3890; x_wconf 89' lang='lat' dir='ltr'><strong>parentum.</strong></span> <span class='ocrx_word' id='word_1_200' title='bbox 1288 3805 1290 3810; x_wconf 77' lang='grc'><strong>’</strong></span> 
     </span>
    </p>

    <p class='ocr_par' dir='ltr' id='par_1_13' title="bbox 487 3909 1226 3993">
     <span class='ocr_line' id='line_1_34' title="bbox 487 3909 1226 3993; baseline 0.003 -23"><span class='ocrx_word' id='word_1_201' title='bbox 487 3909 631 3971; x_wconf 89' lang='lat' dir='ltr'><strong>Deterior</strong></span> <span class='ocrx_word' id='word_1_202' title='bbox 651 3912 800 3993; x_wconf 87' lang='lat' dir='ltr'><strong>patribus,</strong></span> <span class='ocrx_word' id='word_1_203' title='bbox 822 3910 900 3972; x_wconf 85' lang='lat' dir='ltr'><strong>luxu</strong></span> <span class='ocrx_word' id='word_1_204' title='bbox 922 3911 1023 3972; x_wconf 87' lang='lat' dir='ltr'><strong>caruis</strong></span> <span class='ocrx_word' id='word_1_205' title='bbox 1045 3912 1226 3989; x_wconf 86' lang='lat' dir='ltr'><strong>maculatus,</strong></span> 
     </span>
    </p>
   </div>
   <div class='ocr_carea' id='block_1_3' title="bbox 383 4159 1386 4220">
    <p class='ocr_par' dir='ltr' id='par_1_14' title="bbox 383 4159 1386 4220">
     <span class='ocr_line' id='line_1_35' title="bbox 383 4159 1386 4220; baseline -0.001 -11"><span class='ocrx_word' id='word_1_206' title='bbox 383 4159 702 4220; x_wconf 49' lang='lat' dir='ltr'><strong>&amp;praesumptum</strong></span> <span class='ocrx_word' id='word_1_207' title='bbox 716 4171 739 4208; x_wconf 89' lang='lat' dir='ltr'><strong>u.</strong></span> <span class='ocrx_word' id='word_1_208' title='bbox 751 4161 777 4209; x_wconf 78' lang='lat' dir='ltr'><strong>P.</strong></span> <span class='ocrx_word' id='word_1_209' title='bbox 802 4161 1128 4218; x_wconf 70' lang='lat' dir='ltr'><strong>62.aueoendit,0.u.8.</strong></span> <span class='ocrx_word' id='word_1_210' title='bbox 1156 4161 1386 4218; x_wconf 50' lang='lat' dir='ltr'><strong>inamoena.</strong></span> 
     </span>
    </p>
   </div>
   <div class='ocr_carea' id='block_1_4' title="bbox 0 0 1572 4896">
    <p class='ocr_par' dir='ltr' id='par_1_15' title="bbox 0 0 1572 4896">
     <span class='ocr_line' id='line_1_36' title="bbox 0 0 1572 4896; baseline 0 0"><span class='ocrx_word' id='word_1_211' title='bbox 0 0 1572 4896; x_wconf 95' lang='lat' dir='ltr'><strong> </strong></span> 
     </span>
    </p>
   </div>
  </div>
 </body>
</html>
