3122 4894
566 400 807 468 ..199-

548 571 815 639 Calimachus.

169 678 252 751 Quid
273 677 335 754 flet,
357 678 538 754 Fortunate,
560 678 632 759 quia
652 699 712 742 nec
737 683 837 744 morte
858 681 1031 750 Drusianae
1052 684 1196 750 mvoaari

167 801 294 863 possum
314 783 352 844 ab
375 799 487 844 amore.

548 882 809 969 Fortunatus.

166 969 353 1032 Miserabile.

549 1052 813 1121 Calimechus.

167 1157 276 1234 Pereo,
299 1157 427 1220 nisime
449 1157 577 1240 adjuvet
598 1160 652 1220 tua
666 1157 834 1223 industria.

549 1259 814 1324 Fortunatus.

165 1365 204 1428 Iu
226 1386 285 1448 quc
307 1383 433 1448 possum
454 1361 626 1443 adjuvare?

548 1464 811 1530 Calimachus.

163 1571 203 1635 In
225 1592 271 1648 eo,
293 1573 329 1633 nt
349 1569 403 1632 vel
423 1571 576 1632 mortuam
597 1590 646 1631 me
667 1571 764 1632 facias
785 1571 901 1634 videre.

546 1672 804 1736 Fortunatus.

164 1777 284 1860 Corpus
316 1776 417 1838 adhuc
448 1775 605 1855 integrum
636 1779 749 1852 manet,
778 1781 814 1840 ut
841 1795 924 1854 reor,
950 1779 1024 1861 quia
1043 1781 1193 1845 1111111111,

163 1901 283 1964 guuore
305 1899 442 1956 exesum,
455 1880 592 1955 sedlevi,
604 1883 639 1942 ut
650 1880 864 1963 experiebare,
881 1881 969 1946 fabre
981 1885 1032 1948 ast
1050 1885 1192 1950 solutum.

546 1981 810 2049 Calimachus.

164 2087 190 2152 Ο
212 2106 261 2148 me
284 2086 415 2162 felicem,
438 2086 465 2147 si
486 2105 651 2165 numquam
666 2087 703 2168 ¹⁸)
725 2087 903 2168 experirer!

546 2189 807 2251 Fortunatus

164 2295 197 2358 si
217 2293 355 2377 placabis
376 2291 563 2367 muneribus,
586 2291 698 2354 dedam
719 2293 797 2354 illud
816 2293 878 2355 tuis
898 2294 1014 2359 usibus

546 2391 806 2457 Galimachus.

116 2492 119 2498 ’
165 2499 255 2571 Quae
276 2499 309 2560 iu
330 2497 488 2579 praesenti
510 2497 549 2558 ad
574 2516 683 2559 manus
711 2498 820 2574 habeo,
847 2499 971 2562 interim
992 2501 1108 2586 accipe,
1132 2518 1195 2566 nea

164 2602 292 2678 diffidas,
314 2604 347 2664 te
369 2602 465 2663 multo
487 2601 605 2681 majora
625 2602 825 2681 accepturum
846 2602 922 2663 lore.

544 2704 802 2765 Fortunatus.

162 2791 278 2853 Eamus
302 2791 370 2852 cito.

545 2871 813 2938 Calimachus.

163 2963 202 3026 Iu
223 2981 271 3024 me
293 2981 355 3024 non
377 2960 436 3023 erit
458 2980 550 3024 mora.

575 3131 755 3142 -.-....-

545 3217 807 3281 Fortunatus.

161 3321 245 3385 Ecce
268 3305 394 3404 colpus:
423 3341 482 3383 nec
511 3321 608 3382 iacies
638 3321 837 3397 cadaverosa,
865 3340 925 3383 nec
952 3319 1097 3386 membra
1121 3321 1197 3393 sunt

163 3426 276 3488 tabida.
308 3425 457 3501 Abutere‚
470 3425 508 3506 ¹⁹)
531 3428 566 3486 ut
587 3425 671 3486 libet.

547 3525 811 3588 Oalimachus.

165 3631 376 3706 ODrusiana,
405 3631 568 3706 Drusiana,
598 3649 657 3710 quo
687 3628 798 3690 affectu
827 3626 928 3689 cordis
957 3629 989 3688 te
1019 3628 1107 3706 colui,
1131 3648 1193 3712 qua

164 3736 343 3797 sinceritate
366 3733 536 3796 dilectionis
565 3735 596 3796 te
619 3733 832 3794 viscerateuus
860 3730 1057 3811 amplexatus
1084 3733 1137 3811 fui,
1160 3736 1194 3800 et

192 3973 229 4026 18)
242 3971 288 4024 Mg.
303 3970 439 4012 vernanthet:
454 3971 473 4010 sl
490 3983 610 4024 unquam
619 3985 625 4022 ;
640 3983 760 4024 uunuquam
782 3971 811 4012 ist
826 3970 908 4021 Jedceh
927 3969 1015 4023 rlehtlg,
1034 3981 1077 4011 11111·
1097 3970 1127 4010 iat
1140 3972 1195 4012 ntea

242 4041 282 4080 dea
296 4039 392 4092 hupert,
407 4042 448 4081 wie
462 4039 590 4095 mehrmals,
604 4042 644 4084 dan
660 4040 803 4095 Plusquamp.
820 4054 848 4084 zu
863 4043 948 4086 selaeu.
975 4039 1049 4095 Vergl.
1067 4037 1127 4084 uini.
1158 4041 1213 4110 19)ν

244 4109 342 4167 Utere,
361 4109 385 4151 C.
399 4121 422 4158 n.
437 4108 460 4154 S.
