3122 4894
781 495 1016 564 ...244-

789 672 1001 755 Discipuli.

380 755 511 829 Quare?
951 825 954 834 ,

763 844 1029 926 Paphnutius.
1068 897 1071 902 .

379 946 460 1018 Quia
479 965 562 1010 nuno
584 948 724 1029 quatuor,
753 965 836 1010 nuno
857 948 1001 1028 quinque,
1034 967 1117 1010 nuno
1139 951 1207 1013 octo
1230 951 1314 1014 souis
1335 973 1412 1036 per·

378 1050 489 1112 ficitur.

785 1136 1000 1218 Discipuli.

378 1239 460 1311 Quia
482 1242 547 1302 tres
569 1257 639 1300 esso
660 1240 882 1320 cognoscimus,
912 1239 1105 1344 singularum
1133 1243 1286 1305 uocabula
1308 1242 1411 1306 dinos-

311 1380 314 1397 ·
378 1363 449 1406 cero
473 1343 620 1425 cupimus.

760 1428 1023 1509 Paphnutius.

375 1531 478 1595 Prima
500 1532 613 1594 dicitur
635 1531 835 1607 diatessaron,
850 1532 888 1614 ¹⁶)
918 1531 1007 1612 quasi
1028 1548 1071 1594 ex
1093 1535 1233 1613 quatuor,
1256 1538 1289 1597 et
1310 1535 1409 1616 possi-

376 1637 430 1697 det
439 1635 668 1718 proportionem
680 1635 834 1716 epitritam
846 1635 913 1696 sive
924 1634 1162 1716 sesquitertiam.
1176 1636 1218 1716 ¹⁷)
1261 1637 1408 1699 Secunda

378 1739 533 1822 diapente,
557 1757 636 1820 quae
659 1741 782 1801 constat
804 1758 845 1799 ex
866 1741 1009 1819 quinque,
1032 1740 1064 1801 et
1085 1741 1135 1800 est
1154 1739 1186 1800 iu
1210 1740 1331 1801 ratione
1352 1741 1408 1801 he-

373 1842 476 1904 miolei
491 1843 528 1924 ¹⁸)
557 1844 624 1904 sive
650 1840 853 1923 sesquialteri
901 1841 1007 1903 Tertia
1029 1842 1192 1924 diapason,
1206 1843 1244 1925 ¹⁹)
1272 1843 1351 1904 haec
1372 1843 1408 1904 fit

372 1946 405 2007 in
427 1946 520 2028 duplo
539 1945 759 2028 perficiturque
781 1944 930 2008 sonitibus
953 1948 1030 2007 octo.

777 2047 994 2129 Discipuli.

372 2149 454 2212 Num
475 2151 608 2231 sphaera
631 2153 663 2213 at
683 2149 827 2232 planetae
849 2150 1013 2231 proferunt
1034 2169 1151 2227 sonum,
1167 2153 1203 2214 ut
1224 2153 1405 2214 mereantur

373 2254 630 2336 comparationem
652 2253 857 2316 chordarum?

756 2354 1019 2438 Paphnutius.

371 2442 420 2508 Ac
440 2443 615 2508 maximum.

781 2528 991 2610 Discipuli.

372 2612 434 2678 Cur
456 2635 518 2679 uon
540 2616 688 2678 auditur?
774 2649 776 2654 ,

756 2699 1016 2781 Paphnutius.

369 2801 572 2866 Multifaricm
602 2804 768 2886 exponunt.
811 2801 875 2864 Alii
905 2805 1074 2876 autumant,
1103 2820 1165 2863 nou
1187 2801 1287 2866 audiri
1308 2820 1401 2883 posse

368 2911 496 2989 propter
529 2906 757 2983 assiduitatem
796 2904 849 2964 alii
880 2907 1007 2985 propter
1040 2904 1121 2966 a'o'ris
1154 2905 1400 2986 spissitudinem

368 3009 492 3090 quidam
511 3011 614 3070 autam
636 3009 750 3084 ferunt,
780 3007 862 3086 quod
883 3006 962 3067 tanti
984 3005 1152 3067 enormitas
1174 3007 1292 3068 sonitus
1314 3010 1399 3068 artos

368 3111 490 3172 aurium
510 3115 646 3190 nequeat
665 3109 782 3172 intrare
803 3110 940 3186 meatus3
973 3110 1046 3170 suut
1067 3109 1174 3184 etiam,
1208 3109 1260 3190 qui
1282 3109 1399 3184 dicunt,

367 3212 448 3291 quod
470 3210 602 3292 sphaera
631 3213 694 3272 tam
711 3212 889 3292 jocundum,
921 3214 984 3274 tam
1006 3213 1128 3274 dulcem
1150 3211 1258 3273 efferat
1279 3231 1397 3288 sonum,

365 3314 409 3388 ut,
439 3313 465 3375 si
494 3313 663 3390 audiretur,
694 3315 851 3398 omnesw)
880 3315 912 3376 in
935 3334 1094 3376 commuue
1115 3314 1269 3390 homiues,
1299 3317 1398 3376 semet

364 3416 439 3498 ipsis
467 3417 620 3497 neglectis
650 3419 849 3499 omnibusque
878 3417 1056 3502 postpositis
1078 3418 1201 3492 studiis,
1232 3417 1396 3504 ducentem

364 3539 473 3582 sonum
494 3522 532 3583 ab
554 3521 672 3584 oriente
695 3523 901 3602 sequerentur
922 3521 954 3581 in
977 3520 1175 3582 occidentem.

654 3661 656 3666 ,
772 3623 989 3705 Discipuli.

362 3706 516 3784 Praestat,
537 3711 655 3771 utnon
676 3708 827 3770 audiatur.

745 3809 1003 3890 Paphnutius.

360 3895 430 3958 Hoc
451 3915 471 3958 a
492 3893 642 3958 Oroatore
662 3895 905 3977 praesciebatur.

359 4015 540 4026 —u—-u-——d

388 4063 617 4118 immemor,
637 4062 684 4119 M.;
705 4061 910 4118 distessirou‚
929 4063 954 4105 P.
988 4061 1264 4116 maluitanum,
1285 4062 1317 4106 Μ.
1354 4063 1390 4116 18)

437 4131 583 4186 hemiolii,
604 4132 649 4186 lig.
687 4132 722 4186 is)
744 4130 1176 4188 dlaposou‚ll.;dlspnsu,l².
1202 4133 1390 4188 uojonulnln

436 4201 588 4256 communi,
604 4201 628 4245 c.
646 4211 668 4245 u.
682 4199 707 4244 S.
