3122 4894
551 493 597 506 -
638 456 728 524 ala·
744 495 789 508 -

558 630 782 713 Sapientia

153 737 260 800 Omnia
283 755 417 816 nemque
436 753 584 796 numerus
613 735 782 798 inminutus
804 738 935 815 dicitur,
963 742 1051 823 cujus
1079 743 1186 824 partes

153 844 338 922 conjunctae
359 840 508 902 minorem
529 839 581 900 illc
604 859 740 915 numero,
763 843 852 922 cujus
874 845 980 924 partes
1003 849 1083 921 sunta
1105 867 1186 910 aum

151 964 222 1006 mae
243 944 450 1024 quantitatem
468 942 619 1018 reddunt,
648 947 683 1006 ut
698 947 782 1006 ecto.
826 945 885 1006 Est
912 947 1016 1008 autem
1038 951 1187 1012 octonarii

151 1049 303 1110 medietas
316 1049 455 1126 quatuor,
477 1063 551 1127 pars
562 1049 673 1126 quarta
696 1047 765 1122 duo,
778 1067 852 1128 pars
864 1051 974 1110 octava
985 1071 1088 1126 unum,
1106 1073 1187 1134 quae

152 1155 185 1215 in
215 1171 313 1218 unum
343 1151 489 1211 redactae
519 1152 638 1229 septem
669 1150 813 1212 reddunt
858 1150 1020 1216 Similiter¹¹¹
1038 1155 1186 1220 denarius

152 1257 247 1318 habet
269 1255 425 1315 dimidiam
446 1255 568 1334 partem
589 1253 732 1332 quinque,
756 1254 894 1334 quintam
916 1260 1020 1318 autem
1043 1260 1113 1334 duo,
1132 1260 1185 1322 de-⁴

153 1361 262 1422 cimam
284 1376 493 1430 verounum,
526 1373 605 1434 quae
639 1357 728 1418 simul
751 1359 912 1439 copulatae
934 1361 1009 1422 acto·
1026 1362 1184 1443 colligunt.

151 1463 180 1525 Ε
203 1461 355 1524 contrario
371 1461 475 1522 autem
487 1459 663 1540 superfluus
680 1460 802 1534 dicitur,
819 1463 906 1543 cujus
923 1472 1029 1544 partes
1042 1468 1186 1546 augendo

152 1570 306 1641 crescunt,
329 1568 364 1627 ut
386 1563 563 1640 duodecim3
585 1565 634 1623 est
650 1561 927 1626 enim'dundsnarii
944 1567 1094 1629 medietas
1116 1588 1184 1644 sexa

151 1690 224 1753 pars
258 1668 351 1730 tertia
384 1668 531 1748 quatuor,
561 1683 634 1746 pars
663 1669 776 1745 quarta
805 1667 873 1743 tria,
903 1686 976 1749 pars
999 1674 1090 1731 sexta
1113 1672 1183 1748 duc,

153 1791 226 1855 pars
250 1772 430 1834 duodecima
452 1790 562 1846 unum3
585 1769 634 1830 hic
650 1771 790 1830 cumulus
811 1772 971 1834 redundat
987 1773 1018 1834 in
1042 1775 1185 1836 sedecim.

149 1876 193 1939 Ut
215 1879 318 1936 autem
339 1874 539 1956 principalem
567 1893 628 1934 non
650 1881 860 1954 praeteream,
890 1876 944 1955 qni
972 1876 1053 1937 inter
1073 1878 1183 1938 intem·

150 1978 309 2061 perantiae
338 1977 432 2038 medii
460 1979 738 2057 temperamentum
766 1977 870 2039 limitis
899 1979 1025 2040 sortitus
1051 1983 1108 2056 est,
1130 1981 1183 2042 ille

148 2101 297 2144 numerus
320 2081 486 2164 perfectus
502 2081 629 2155 dicitur,
661 2081 726 2160 qui,
756 2083 820 2142 suis
842 2083 960 2163 aequus
974 2083 1012 2164 ¹⁰)
1034 2085 1186 2164 partibua’

149 2205 210 2248 nec
232 2187 342 2265 auget,
365 2204 424 2246 nec
445 2185 562 2258 minuit,
585 2186 620 2244 ut
642 2203 708 2257 sex,
732 2187 819 2272 cujus
842 2189 957 2267 partes,
975 2187 1011 2246 'id
1034 2186 1187 2263 estftria'

148 2291 220 2364 dua·
240 2308 345 2363 unum,
376 2289 508 2348 eundem
538 2287 694 2347 senarium
721 2289 896 2349 restituunt.
942 2288 1039 2350 Simili
1061 2289 1187 2370 quoque

147 2393 270 2453 ratione
291 2391 404 2470 uiginti
426 2393 503 2463 octo,
527 2390 754 2469 quadringenta
767 2391 808 2471 ²⁰)
828 2391 997 2471 nonaginta
1018 2411 1084 2468 sex,
1111 2395 1178 2454 octo

151 2495 234 2556 milia
258 2497 381 2555 centum
401 2493 514 2573 viginti
537 2494 604 2554 octo
626 2494 759 2573 perfecti
780 2493 931 2556 dicuntur.

541 2595 778 2658 Hadrianus.

150 2685 192 2747 Et
215 2684 287 2766 quid
309 2683 443 2764 reliqui?

550 2766 774 2851 Sapientia,

149 2876 263 2941 Omnes
287 2875 444 2956 superflui,
467 2892 533 2934 sive
555 2873 705 2935 inminuti

540 2976 572 3038 H
580 2993 597 3037 a
606 2977 666 3038 dri
675 2996 718 3038 an
727 2999 747 3038 u
759 2997 783 3040 s.

149 3083 226 3156 Quis
249 3101 396 3155 numerus
418 3080 536 3162 pariter
557 3083 642 3162 par?

550 3183 772 3264 Sapientia.

150 3290 213 3361 Qui
234 3290 338 3371 potest
356 3287 387 3348 in
411 3288 470 3348 duo
500 3287 640 3366 aequalia
664 3287 766 3361 dividi,
798 3289 926 3368 ejusque
953 3264 1036 3369 pars
1055 3289 1087 3350 in
1118 3289 1178 3352 duc

147 3392 298 3476 aequalia,
314 3391 473 3474 partisque
488 3383 568 3471 ‘pars
590 3410 622 3450 m
645 3390 705 3450 duo
728 3391 877 3470 aequalia,
898 3409 935 3453 ac
958 3391 1104 3474 deinceps
1120 3412 1187 3472 per,

152 3498 299 3570 ordinem,
312 3495 410 3555 donec
421 3494 452 3553 in
463 3495 504 3574 Ἡ)
517 3494 714 3556 insecabilem
726 3493 863 3554 incurrat
876 3494 1033 3568 unitatem,
1056 3497 1091 3555 ut
1109 3495 1177 3558 colo

148 3605 180 3663 et
201 3598 336 3660 sedecim
358 3617 533 3676 omnesque,
556 3597 608 3684 qui
630 3599 667 3662 ab
690 3597 737 3658 his
759 3599 791 3658 in
813 3597 906 3678 duplo
929 3598 1014 3658 fiunt.

351 3787 353 3790 ,
540 3717 783 3780 Hadrianus.

147 3823 189 3886 Et
211 3824 279 3907 quis
302 3826 350 3883 est
371 3820 488 3902 pariter
510 3823 630 3904 impar?

147 3991 350 4009 -ο-ι--κ-ο-σό-Ι·

175 4099 210 4150 19]
224 4073 378 4151 aequls‚,C.
393 4109 416 4140 u.
431 4095 467 4160 Su
483 4061 614 4148 augetur,
636 4096 790 4148 mlauitur,
809 4096 840 4149 0.,
856 4094 879 4140 S.
896 4108 919 4140 u.
934 4094 981 4149 lig.
1008 4095 1049 4144 20}
1061 4095 1175 4148 quandra-

225 4169 318 4221 glcte,
337 4167 360 4210 C.
376 4180 397 4208 u.
411 4165 436 4212 Si
462 4166 501 4220 ll)
515 4166 585 4218 danae
604 4163 868 4218 instructae-1108.
