3122 4894
550 483 789 550 -aru-

558 657 775 740 Sapientia.

145 761 260 838 Nolite,
276 779 364 822 meae
387 759 477 834 filiae,
494 763 681 842 serpentinis
703 764 795 846 hujus
807 767 1181 833 satanas'lenociniiscor

147 883 314 948 apponere,
337 864 394 925 sed
415 863 540 926 meatim
563 865 708 927 fastidite.

590 967 732 1031 Filiae.

144 1070 336 1135 Fastidimus
359 1073 392 1134 et
413 1070 512 1133 animo
535 1073 777 1154 contempnimus
799 1073 919 1138 frivola.

537 1173 784 1250 Hadrianus.
818 1199 822 1207 ·

147 1278 231 1350 Quid
252 1276 471 1338 murmurando
492 1277 653 1358 loqueris?

547 1379 773 1462 Sapientia.

145 1467 240 1530 Filias
262 1465 380 1527 affabar
401 1464 516 1548 paucis.

540 1551 783 1616 Hadrianus.

146 1655 272 1717 Videris
301 1675 371 1716 esse
400 1654 526 1717 summis
547 1655 701 1717 natalibus
723 1660 800 1730 orta,
831 1657 887 1719 sed
908 1659 1012 1720 tamen
1034 1661 1175 1743 patriam,

145 1780 244 1840 genus
266 1779 440 1840 nomenque
461 1761 549 1822 tuum
572 1777 613 1820 ex
633 1761 666 1820 te
687 1759 809 1841 plenius
832 1761 921 1842 cupio
943 1762 1090 1825 ediscere.

550 1861 771 1942 Sapientia.

141 1965 233 2027 Licet
254 1963 414 2044 sanguinis
436 1965 580 2047 superbia
601 1965 689 2026 nobis
712 1966 753 2028 sit
772 1968 1042 2050 parvipendenda,
1072 1972 1176 2033 tamon

143 2071 229 2132 clara
252 2089 293 2131 ex
315 2067 412 2150 stirpe
433 2089 483 2130 me
506 2069 656 2150 originem
677 2090 739 2132 non
761 2089 843 2151 nego
866 2072 1002 2136 trahere.

539 2171 783 2255 Hadrianus.

141 2257 306 2322 Credibile.

546 2342 732 2428 Sapient'
723 2363 770 2406 99.

142 2447 223 2512 Nam
245 2447 462 2514 eminentiores
478 2447 569 2530 11119
570 2448 648 2509 91999
660 2426 815 2563 principes
831 2449 919 2510 fuere
935 2447 996 2510 mei
1018 2452 1175 2531 parentes,

147 2555 178 2614 et
201 2571 295 2614 vocor
319 2550 484 2632 Sapientia

536 2635 779 2702 Hadrianus

145 2739 242 2804 Clarit
229 2744 277 2802 tas
299 2740 483 2820 ingenuitat'
474 2740 579 2822 991191
602 2741 745 2805 rutilat
736 2763 767 2804 1n
790 2741 869 2804 faeie
891 2743 925 2804 91
947 2740 1068 2826 sapient
1070 2741 1100 2804 ia
1121 2762 1175 2832 99

141 2844 230 2906 minis
254 2844 384 2923 sulget'
375 2863 407 2904 99
430 2862 491 2904 ore.

543 2929 765 3011 Sapientia.

141 3033 273 3094 Frustra
294 3033 453 3108 blandiris,
475 3053 536 3095 non
559 3033 711 3095 flectimur
733 3015 794 3116 tuis
817 3034 960 3136 suadelis.

430 3129 432 3136 ⁴
532 3137 798 3199 Hadrianus

141 3239 208 3334 Dio,
232 3259 287 3302 eur
309 3239 482 3317 advenires,
498 3241 535 3322 ¹⁶)
557 3241 610 3300 vel
633 3258 729 3321 quare
751 3245 871 3340 nostrat
872 3261 905 3304 es
857 3243 1039 3345 tadires.

546 3342 731 3424 Sapient'
722 3363 767 3404 ra.

138 3445 262 3508 Nullius
291 3445 370 3508 alius
399 3446 446 3507 rei
477 3446 537 3507 nisi
566 3448 783 3526 agnoscendae
809 3447 951 3508 veritatis
984 3465 1086 3522 causa,
1110 3465 1171 3528 quo

138 3550 240 3625 iidem,
263 3569 354 3630 qnam
377 3549 575 3631 expugnatis,
588 3551 709 3632 plenius
732 3550 903 3611 ediscerem
924 3550 1065 3674 filiasque
1086 3569 1172 3612 meas

140 3650 261 3714 Christo
285 3671 506 3755 consecrarem.

138 3789 345 3800 -ιιι-ο-ι-ο-ιιι-ι-ιοι-ιι

168 3855 202 3908 19)
221 3851 442 3906 eminentem,
458 3852 494 3904 S.;
509 3851 1175 3908 09991919191999999999999199199199999891911191199,

218 3922 399 3976 urspriingiiche,
419 3924 542 3966 ausradirts
556 3925 621 3966 Wort
642 3924 759 3978 ltaliae,
779 3937 807 3966 99
829 3923 909 3965 dassen
924 3923 994 3966 Stella
1010 3923 1115 3964 099919
1135 3935 1170 3978 ge·

217 3991 437 4045 99199191999999119,
454 3992 539 4036 aar?
560 3994 667 4035 9919911999.
701 3992 788 4035 Etenna
810 3991 895 4035 arnhilt
912 4002 936 4034 99
954 3991 1001 4034 91919
1020 3997 1096 4035 nautea.
1127 3989 1169 4034 1119

218 4060 320 4113 tegendo
336 4061 370 4102 1991
384 4061 893 4116 (199091199119199919991899199119919919119
907 4075 948 4104 9999
963 4061 1170 4106 1191199919999999.

219 4129 957 4188 1591179991.1)91911.8.111,1191999.1619,(19999919
976 4131 1015 4186 0.,
1029 4129 1052 4174 S.
1069 4143 1091 4172 9.
1108 4129 1191 4188 Μμ,

218 4195 574 4259 91199919,.Μ9;9.1’.1991911.
