3144 4888
435 1407 528 1506 Dum
549 1446 649 1508 lactor
671 1467 815 1521 summae,
838 1447 958 1512 mediae
980 1446 1107 1510 rationis
1130 1448 1162 1507 et
1183 1445 1261 1507 imae

434 1549 472 1612 In
496 1569 587 1612 cruce
610 1552 794 1632 supplicium
815 1552 922 1613 mortis
944 1553 1105 1631 pateretur
1127 1567 1272 1622 amarum,

434 1652 548 1715 Orbem
570 1659 739 1716 nocturnae
764 1655 999 1716 circumduxere
1022 1654 1179 1726 tenebrae,

435 1756 477 1818 Et
499 1758 553 1832 sol,
578 1759 716 1840 deposito
738 1757 817 1821 radii
839 1757 1004 1838 splendore
1027 1755 1138 1828 sereni,

295 1899 297 1904 -
393 1855 422 1920 5.
437 1859 597 1940 Exequias
618 1859 740 1922 Domini
762 1861 899 1922 celebrat
921 1858 1116 1922 famulamine
1138 1856 1228 1920 tristi.

436 1961 514 2035 Quo,
536 1982 609 2023 mox
629 1964 814 2042 astrologus,
836 1963 913 2037 viso,
936 1961 1102 2042 Dionysius
1125 1961 1232 2034 almus,

437 2063 498 2133 Qui
519 2066 593 2125 tunc
615 2065 825 2146 Memphitidis
848 2070 946 2134 artem
969 2064 1107 2124 discebat
1128 2063 1159 2124 in
1182 2063 1253 2138 oris,

436 2166 524 2236 Quae
547 2167 637 2229 docet
658 2171 811 2232 astrorum
832 2172 950 2242 motus,
974 2167 1046 2228 solis
1069 2178 1190 2246 quoque
1213 2185 1345 2241 cursum,

436 2268 609 2351 Obstupuit,
631 2271 718 2333 libris
741 2273 901 2354 coepitque
922 2271 1082 2351 requirere
1104 2269 1202 2344 lectis,

374 2369 422 2434 10.
440 2372 473 2434 Si
495 2377 568 2434 tunc
590 2375 713 2457 eclipsis
736 2378 842 2456 posset
865 2375 1033 2438 consistere
1057 2372 1138 2434 solis.

436 2476 496 2538 Ast
517 2477 570 2538 ubi
590 2498 651 2540 non
674 2479 779 2540 solitas
803 2478 900 2538 sensit
921 2478 1020 2560 magis
1043 2495 1111 2536 esse
1134 2478 1289 2550 tenebras,
1315 2533 1320 2546 „

436 2578 646 2661 Descripsisse
670 2583 750 2644 diem
772 2583 900 2661 dignum
923 2582 1054 2642 ducebat
1077 2582 1108 2641 et
1130 2597 1252 2653 annum,

436 2681 505 2743 Non
529 2683 680 2758 dubitans,
704 2685 862 2763 designari
884 2684 957 2764 quid
980 2683 1059 2744 forte
1083 2682 1235 2762 stupendi,

436 2784 527 2854 Quod
549 2791 619 2866 post
639 2788 823 2868 mysterium
844 2788 1036 2848 declarasset
1057 2787 1264 2860 tenebrarum,

374 2881 422 2946 15.
437 2884 666 2968 Oonjectatque,
689 2889 788 2949 Deum
811 2890 907 2969 signis
930 2888 1115 2974 testantibus
1138 2869 1278 2962 almum,

436 2987 597 3050 Hactenus
618 2991 766 3070 ignotum,
788 2993 902 3057 mundo
923 3012 997 3052 mox
1020 3010 1089 3050 esse
1111 2990 1309 3071 probandum.

436 3091 495 3152 Ast
517 3092 578 3167 ubi,
601 3093 639 3153 de
661 3092 737 3154 rivis
759 3095 918 3174 praefatae
940 3093 1065 3154 debrius
1088 3093 1172 3167 artis,

436 3193 576 3256 Athenas
599 3195 695 3276 petiit,
718 3197 825 3256 sedem
846 3196 1037 3276 patriamque
1057 3197 1174 3272 revisit,

437 3295 524 3358 Inter
547 3298 711 3358 stultorum
734 3299 897 3360 simulacra
918 3299 1048 3381 profana
1064 3299 1192 3360 deorum

373 3394 424 3459 20.
442 3397 531 3460 Culte
554 3402 762 3462 constructam
784 3402 857 3482 poni
878 3405 1081 3484 praeceperat
1103 3420 1197 3476 aram,

437 3500 528 3564 Hanc
549 3503 656 3584 ipsam,
678 3503 784 3578 t'tulis,
808 3505 987 3578 decernens,
1011 3524 1148 3583 congrue
1170 3504 1269 3586 pictis,

438 3592 543 3684 Ignoti
564 3609 621 3668 sub
643 3607 759 3668 honore
781 3608 840 3668 Dei
862 3608 976 3672 debere
999 3607 1123 3667 sacrari

439 3708 540 3779 Quam
562 3710 668 3772 doctor
690 3710 805 3772 Paulus
829 3730 897 3771 cum
920 3709 1134 3790 conspexisset
1157 3708 1272 3789 opimis,

440 3811 517 3881 Quis
540 3812 580 3872 sit
601 3812 627 3872 is
649 3813 783 3891 ignotus,
805 3812 909 3875 uerbis
931 3813 1086 3893 rogitabat
1108 3811 1220 3872 amicis.

359 3983 540 3994 -ua-

382 4066 400 4105 Ι.
415 4061 517 4116 (ΠΜ,
530 4063 564 4116 (λς
580 4062 658 4116 Cum,
674 4065 698 4110 S.
732 4065 752 4109 b.
770 4065 916 4119 linquas,
929 4067 963 4122 c.;
979 4063 1121 4106 famulamine
1136 4061 1260 4115 Christi,
1281 4062 1305 4104 C.
1321 4074 1344 4102 u.
1359 4061 1382 4103 S.

412 4133 432 4175 6.
447 4129 517 4185 flue,
533 4131 563 4176 Μ.
591 4133 611 4176 7.
630 4132 841 4190 Memphitidis,
855 4134 879 4179 c.
895 4147 916 4176 u.
933 4134 957 4179 S.
984 4133 1110 4178 caseum
1127 4134 1224 4186 aseri,
1240 4131 1384 4187 M.;1>.ver-

415 4200 502 4243 beram
516 4202 538 4242 in
549 4203 642 4245 sacrari.
