3138 4888
524 487 761 556 ..139-

229 667 372 734 serunt
401 662 440 734 in
472 662 635 738 scientia
664 663 888 736 sublimiori,
940 662 1025 736 Nec
1054 661 1157 736 enim

229 781 363 848 tantae
403 799 490 852 sum
531 772 764 870 jactantiae,
798 783 840 848 ut
868 775 933 847 vel
968 776 1158 848 extremis

233 911 295 960 me
323 910 572 983 praesumam
603 889 784 962 conferre
814 895 1012 962 auctorum
1041 890 1160 962 alum·

230 1002 304 1092 nis,
327 1002 398 1074 sed
421 1003 494 1076 hoc
516 1003 641 1074 solum
665 1003 782 1094 nitor,
806 1010 865 1093 ut,
887 1004 977 1076 licet
997 1002 1160 1076 nullate-

225 1137 300 1186 nus
329 1115 482 1188 valeam
512 1123 624 1210 apta,
652 1117 820 1212 supplici
852 1122 984 1190 tamen
1018 1118 1158 1190 mentis

222 1228 432 1300 devotione
447 1239 647 1325 acceptum
664 1231 704 1302 in
720 1231 894 1302 datorem
911 1236 1158 1326 retorqueam

225 1341 438 1435 ingenium.
482 1344 653 1439 ideoque
672 1367 751 1415 non
770 1369 855 1418 sum
873 1345 972 1416 adeo
991 1345 1159 1416 amatrix

235 1456 324 1546 mei,
346 1463 389 1528 ut
403 1479 474 1550 pro
491 1457 650 1529 vitanda
665 1459 987 1551 reprehensione,
1003 1458 1159 1551 curisti,

228 1571 292 1665 qui
315 1571 354 1642 in
377 1572 522 1644 sanctis
542 1577 740 1666 operatur,
763 1572 958 1663 virtutem,
981 1593 1160 1665 quocum-

228 1708 303 1778 que
319 1697 346 1772 ⁹)
369 1685 455 1778 ipse
478 1685 584 1758 dabit
605 1707 736 1779 posse,
752 1707 903 1758 cessem
919 1685 1158 1778 praedicare.

230 1800 273 1870 si
296 1798 397 1870 enim
429 1799 540 1872 alicui
572 1799 702 1893 piacet
738 1821 825 1872 men
855 1798 1030 1889 devotio,
1067 1820 1160 1891 gau·

229 1913 351 2002 (lehn,
383 1912 417 1984 si
447 1918 598 2003 autem,
627 1914 692 1984 vel
718 1936 791 2007 pro
823 1913 900 1984 mci
929 1910 1159 2004 abjectione,

227 2025 291 2098 vel
329 2047 399 2118 pro
428 2025 560 2098 vitiosi
597 2029 791 2099 sermonis
814 2027 1042 2116 rusticitate,
1064 2025 1158 2097 nulli

225 2141 373 2234 placet,
410 2145 552 2212 memet
577 2141 700 2234 ipsam
732 2148 864 2212 tamen
889 2138 1025 2232 juvat,
1058 2139 1159 2233 quod

117 2339 122 2352 ι
230 2253 319 2342 feci,
338 2253 440 2348 quia,
456 2254 545 2326 dum
567 2255 713 2348 proprii
737 2253 922 2326 vilitatem
946 2252 1103 2342 laboris,
1120 2252 1160 2322 in

232 2365 318 2440 aliis
337 2387 450 2440 meac
468 2367 698 2438 inscientiae
722 2366 920 2460 opusculis
939 2365 1095 2438 heroico
1119 2363 1161 2434 li·

230 2489 362 2578 gatam
378 2479 565 2572 strophio,
573 2480 612 2550 in
629 2480 701 2552 hoc
712 2479 922 2551 dramatico
932 2480 969 2560 ¹⁰)
986 2476 1159 2570 junctam

238 2595 344 2670 serie
368 2593 467 2681 colo,
500 2592 741 2686 perniciosas
775 2591 976 2686 gentilium
1000 2589 1160 2664 delicias

231 2707 462 2784 abstinendo
484 2706 613 2778 divite.
630 2707 668 2788 ¹¹)
801 2767 803 2772 .

131 2875 339 2892 flou-*¹*

152 2963 181 3041 ⁰)
201 2961 266 3039 lig.
288 2959 370 3020 ceint
395 2975 642 3037 quocumque
673 2957 721 3017 bis
751 2973 869 3037 posse
900 2953 932 3014 in
960 2953 1161 3014 Parenthese,

160 3047 199 3126 ¹⁰)
221 3047 252 3106 in
275 3045 333 3106 han
355 3043 571 3104 dramatico
588 3043 783 3122 junctura
803 3041 893 3114 serie,
917 3037 948 3100 O.
970 3059 1000 3100 u.
1019 3038 1079 3136 β..

162 3132 200 3212 ¹¹)
222 3130 256 3192 P.
278 3127 407 3188 etreicht
429 3128 523 3189 civito
544 3127 608 3188 und
631 3130 710 3189 selzt
732 3145 772 3188 au
795 3126 855 3188 den
877 3125 969 3186 Rand
991 3124 1161 3200 drmitt03

218 3213 370 3288 devito,
392 3209 438 3284 0.,
460 3211 490 3272 S.
512 3231 541 3272 u.
563 3211 605 3272 M·
