3144 4888
567 497 784 581 ..99⁴

240 693 432 756 Detestando
454 692 515 754 viri
536 696 643 754 votum
661 689 816 752 landabile
834 690 919 770 justi,

183 795 348 879 calpetus
370 795 528 877 proprium
550 795 624 856 lecit
644 795 822 855 fervescere
844 813 970 858 servum

246 900 284 960 In
307 918 401 980 supra
424 899 523 958 dictae
546 897 706 958 dementer
727 915 830 956 amore
852 897 982 977 puellae.

249 1004 310 1073 Qui
332 1003 422 1063 nimis
444 1002 563 1075 infelix,
588 1001 713 1082 spiculis
734 999 893 1080 perfossus
916 1003 1036 1079 amnrin,

251 1105 320 1176 Quo
342 1105 442 1184 magis
465 1105 607 1177 ardescit,
629 1109 714 1164 tanto
736 1102 806 1182 plus
829 1104 921 1164 corde
941 1107 1081 1184 tabescit,

251 1209 418 1288 Indignum
440 1229 474 1268 se
497 1208 639 1288 conjugio
661 1205 798 1266 meminit
818 1206 890 1286 qnia
910 1209 1005 1282 tanto,

181 1309 232 1372 40.
247 1312 314 1372 Nec
334 1312 429 1372 audet
449 1311 568 1371 nudare
590 1329 704 1370 novam
727 1309 827 1368 cordis
850 1310 1027 1386 cruciatum

248 1415 385 1474 Tandem
406 1433 548 1494 namque,
571 1431 696 1491 magum
715 1429 877 1489 quaerens,
897 1413 1060 1477 invenerat
1082 1437 1189 1495 unum,

250 1515 410 1578 Secretnm
433 1517 482 1578 cui
503 1515 646 1578 tristitiae
665 1516 848 1576 monstravit
869 1535 1001 1594 amarae,

249 1619 437 1680 Promittens
457 1619 501 1680 illi
521 1639 583 1679 non
602 1618 692 1699 parvi
712 1618 792 1678 dona
812 1619 926 1694 lucelli,

250 1721 283 1783 Si
304 1725 444 1783 tenerem
466 1722 562 1803 prolis
583 1723 718 1781 mentem
738 1721 853 1801 proprii
874 1722 1003 1784 senioris

183 1821 235 1885 45.
250 1824 328 1906 Ejus
351 1825 457 1885 servili
476 1826 541 1906 jam
563 1823 807 1902 conglutinasset
826 1825 929 1886 amori.

248 1925 305 1988 Cui
326 1948 399 1988 mox
421 1946 589 2008 perversus
609 1926 729 1987 fraudis
751 1926 873 1987 dicebat
895 1904 1026 1989 amicus:

247 2029 345 2105 „Nam
367 2032 476 2104 fateor,
498 2033 603 2091 tantae
623 2049 685 2090 non
705 2047 754 2088 me
774 2029 954 2091 valitudinis
975 2051 1053 2107 esse,

248 2132 310 2207 „Ut
332 2153 423 2194 servo
446 2132 588 2213 propriae
606 2134 737 2212 jungam
760 2135 913 2194 consortia
935 2135 1073 2210 domnae,

252 2234 343 2311 „Seri
366 2236 392 2296 si
412 2236 471 2295 rite
492 2255 560 2296 mec
583 2235 699 2313 satagis
720 2253 832 2316 parere
852 2237 1011 2316 magistro,

183 2336 233 2399 50.
246 2339 327 2413 „Qui
347 2341 491 2420 princeps
513 2343 709 2401 aeternarum
734 2341 853 2399 constat
873 2341 1080 2415 tenebrarum,

253 2442 345 2522 „Ipse
368 2445 471 2523 potest
491 2445 576 2503 certe
600 2442 754 2523 complere
776 2445 862 2502 tunm
884 2441 943 2502 cito
963 2443 1055 2519 velle,

254 2544 307 2619 „Si
327 2546 494 2625 posthaec
517 2544 631 2606 Christi
651 2564 763 2604 nomen
782 2562 844 2603 non
866 2544 914 2603 vis
937 2545 1109 2607 venerari.“

300 2643 364 2719 Cui,
386 2646 466 2707 male
489 2650 631 2707 caecatus
653 2646 797 2708 bachanti
819 2646 921 2721 corde,
942 2646 1089 2723 misellus,

257 2748 299 2810 Se
319 2769 540 2811 consensurum
560 2749 682 2810 monitis
689 2795 698 2824 ,
722 2749 913 2830 promiserat,
933 2748 1008 2810 istis.

190 2848 240 2912 55.
253 2852 340 2912 Tunc
360 2871 470 2931 magns
490 2853 550 2913 istc
572 2873 627 2914 suc
649 2854 775 2914 mandet
793 2852 957 2912 scribenda
978 2853 1146 2932 magistro:

251 2954 418 3035 „Princeps
439 2955 560 3030 inferni,
583 2958 731 3033 regnator
753 2975 865 3034 magne
886 2954 1040 3036 profundi,

170 3117 174 3126 ,
254 3054 414 3130 „Concede
437 3077 513 3137 ergo
532 3060 600 3119 tuos
621 3077 743 3138 semper
763 3061 915 3139 temptare
934 3057 1101 3135 ministros,

260 3157 313 3233 „Si
333 3160 453 3242 possint
473 3160 600 3240 aliquos,
621 3161 714 3222 sontis
735 3161 918 3242 baptismate
938 3161 1027 3235 lotos,

260 3261 449 3340 „Assignare
469 3263 533 3338 tibi,
556 3265 729 3325 subtractos
753 3265 792 3324 de
813 3283 911 3343 grege
933 3261 1055 3339 Christi,

195 3361 244 3425 60.
265 3365 335 3440 „Ut
357 3383 435 3445 quae
455 3369 487 3426 te
509 3367 656 3446 seqnitur,
677 3385 799 3447 semper
819 3383 892 3446 pars
913 3367 1142 3448 multiplicetur.

257 3467 358 3542 „Hinc
379 3468 433 3529 tibi
453 3487 586 3548 namque
607 3489 710 3529 arrum
739 3469 809 3528 misi
838 3468 980 3546 gaudens
1001 3472 1076 3531 satis
1097 3473 1200 3548 istum,

258 3569 354 3651 „Ejus
374 3571 573 3652 propositum,
597 3591 666 3651 qno,
689 3592 761 3632 mcx
783 3570 963 3652 complendo
983 3575 1146 3649 secretum,

264 3672 390 3754 „ipsum
410 3673 593 3755 discipulum
615 3675 712 3735 facias
732 3673 854 3735 tihirite
876 3674 1049 3734 futurum.“
1251 3747 1252 3752 η

256 3773 347 3837 Hanc
366 3777 409 3838 ita
429 3777 635 3858 perscriptam
655 3777 768 3840 misero
789 3775 1051 3857 dederetquoque
1064 3777 1202 3840 chartam

198 4027 231 4073 36.
249 4027 424 4083 clementer,
439 4028 479 4078 M,
497 4027 521 4073 P.
538 4043 560 4074 ιι.
576 4029 599 4073 C.
627 4031 661 4076 ³8.
677 4031 742 4073 corde
758 4029 898 4084 ealesclt,
917 4029 941 4073 C.
956 4042 978 4076 ιι.
993 4031 1017 4076 S.
1045 4029 1079 4075 ιι.
1093 4029 1205 4081 enlin·-

250 4099 349 4151 tltlne,
363 4099 394 4142 Μ.
409 4111 431 4140 ιι.
446 4099 481 4153 P.;
499 4100 681 4155 moestitiae,
696 4101 720 4145 0.
740 4115 762 4142 ιι.
778 4099 802 4142 S.
829 4099 862 4142 tt.
876 4099 900 4142 Sl
917 4104 1022 4154 teram,
1036 4099 1067 4142 Μ.
1082 4113 1103 4142 ιι.
1118 4101 1143 4143 Ρ.
1170 4103 1206 4144 5⁴2.

250 4179 365 4220 ιιιιιιειι,
381 4168 405 4211 c.
420 4181 442 4210 ιι.
456 4167 480 4211 S.
508 4169 542 4213 ⁵3.
558 4167 583 4212 C.
598 4177 620 4213 ιι.
637 4169 661 4215 S.
681 4170 732 4211 hclr.
752 4170 811 4215 rein.
826 4169 918 4215 saura.
949 4171 983 4212 5⁵.
1006 4171 1068 4214 lete
1084 4180 1125 4214 suc
1146 4183 1204 4216 ιιιι·

251 4235 290 4280 der
304 4237 423 4281 scribenda
442 4239 598 4294 nlnlslrc,
613 4237 638 4283 c.
654 4251 677 4284 u.
691 4237 715 4286 S.
953 4289 998 4360 7*
