3134 4896
487 712 651 778 Pontifices
673 718 778 800 templi
798 719 890 799 pretii
911 740 972 780 non
993 737 1120 779 munere
1142 718 1236 799 parci,

405 814 476 882 380.
488 817 615 882 Vellent
634 823 825 903 praeclaram
846 843 905 902 quo
927 823 1089 904 disponam
1111 819 1241 882 Mariam

491 921 595 1004 Ipsius
618 925 745 1004 egregio
767 925 862 1005 legali
883 925 1007 987 foedere
1029 928 1109 986 nato.

491 1023 583 1096 Quod
603 1028 671 1088 fieri
692 1049 767 1089 vero
786 1029 927 1110 prohibet
948 1029 1131 1108 virguncula
1154 1030 1246 1101 casta,

487 1129 609 1212 Inclyta
631 1132 746 1211 regalis
768 1151 917 1213 spernens
940 1133 1092 1194 consortia
1115 1131 1227 1212 stirpis.

488 1231 529 1294 Se
552 1254 671 1314 quoque
694 1236 845 1296 finetenus
867 1237 998 1296 testatur
1019 1234 1120 1296 nobile
1144 1254 1254 1314 corpus

410 1330 482 1397 385.
492 1333 569 1416 Ejus
592 1338 733 1418 conjugio
755 1341 897 1419 percerte
920 1338 1051 1399 subdere
1073 1339 1164 1398 nullo.

486 1437 572 1502 Talia
593 1442 751 1521 pontifices
774 1443 823 1504 oui
843 1463 916 1505 mox
939 1443 1046 1503 dixere
1068 1446 1225 1523 potentes:

529 1543 658 1619 „Nonne
682 1519 766 1605 Deris
789 1547 898 1607 colitur
920 1546 1073 1626 digneque
1095 1548 1205 1627 potens
1226 1546 1396 1604 veneratur

486 1646 542 1722 „Iu
564 1648 661 1728 plebis
683 1648 780 1709 Iudae
803 1649 897 1728 legali
918 1650 1121 1729 posteritate?

484 1750 569 1826 „Neo
591 1752 680 1812 decet
700 1753 859 1833 innuptam
880 1752 973 1812 talem
993 1771 1155 1812 remanere
1175 1751 1315 1833 puellam

401 1847 471 1913 390.
484 1852 561 1923 Quis
585 1858 727 1916 constans
750 1855 848 1916 animo
870 1855 1028 1936 respondit
1049 1855 1122 1915 talia
1144 1854 1256 1933 Virgo:

484 1954 582 2031 „Nam
604 1956 688 2018 Deus
710 1958 740 2018 in
762 1959 875 2038 templo
898 1959 1014 2036 gaudet
1034 1957 1235 2038 requiescere
1257 1955 1378 2030 mundo,

485 2057 658 2132 „Mentibus
681 2063 712 2122 et
734 2061 850 2137 sobriis,
872 2081 930 2121 nec
953 2062 1124 2122 delectatur
1145 2061 1177 2120 in
1198 2061 1266 2134 illis,

486 2159 639 2237 „Crimine
662 2183 737 2243 quos
760 2183 871 2242 magno
892 2166 1025 2225 maculat
1046 2164 1161 2225 lasciva
1183 2163 1283 2224 libido.

484 2263 631 2341 „Scimus
653 2265 734 2328 Abel
756 2267 879 2347 duplam
900 2268 1008 2328 merito
1038 2268 1203 2348 sumpsisse
1226 2277 1377 2338 coronam,

296 2375 302 2388 ‘
399 2361 470 2428 395.
481 2368 564 2444 „Qui
584 2370 699 2450 primus
720 2371 832 2432 mundo
851 2372 953 2450 justus
975 2371 1077 2432 iuerat
1098 2371 1294 2452 protoplasto,

482 2471 602 2548 „Unam
622 2474 769 2555 martyrii,
791 2474 896 2535 fratris
915 2475 953 2535 de
976 2475 1070 2535 caede
1088 2475 1213 2556 peracti,

485 2575 606 2655 „Atque
628 2577 726 2656 magis
748 2577 874 2638 nitidam
895 2597 951 2659 per
972 2578 1180 2656 virginitatem
1201 2575 1376 2636 secundam.

482 2675 669 2754 „Credimus
692 2679 815 2740 Heliam
837 2682 955 2742 coelum
982 2681 1109 2761 petiisse
1131 2682 1293 2753 secretum,

486 2779 640 2864 „Corpore
663 2803 731 2844 cum
752 2803 827 2844 vero
850 2785 961 2844 mansit
983 2784 1053 2862 quia
1074 2784 1163 2862 virgo
1190 2783 1332 2864 potenter

397 2877 468 2942 400.
480 2883 566 2958 „Nec
588 2905 698 2967 corpus
719 2887 846 2948 maculis
868 2905 1010 2966 umquam
1031 2886 1158 2946 violavit
1180 2887 1299 2946 amaris.

480 2984 588 3062 „Haec
609 2988 708 3064 didici,
732 2992 816 3051 certe
837 2990 917 3068 legis
939 2989 1057 3049 ratione
1081 2987 1220 3064 docente,
1257 3029 1261 3037 -

483 3088 543 3165 „Et
564 3090 684 3152 discens
706 3093 805 3154 animo
826 3077 970 3153 mandavi
991 3091 1098 3152 sedula
1119 3091 1190 3167 fixo,

414 3195 418 3202 '
482 3191 614 3274 „Meque
636 3195 805 3277 puellarem
827 3196 899 3256 novi
919 3195 1054 3256 retinere
1076 3195 1253 3276 pudorem.“

523 3295 688 3378 Postquam
709 3300 755 3360 bis
778 3304 895 3379 septem
917 3301 996 3361 totos
1020 3298 1229 3380 compleverat
1250 3317 1355 3374 annos,

397 3392 468 3458 405.
480 3395 549 3460 Non
570 3401 628 3462 hoc
650 3421 719 3462 esse
741 3403 788 3464 sui
808 3402 909 3476 moris,
932 3403 1036 3463 dicunt
1055 3401 1220 3476 Pharisaei,

439 3496 445 3510 '
480 3500 601 3570 Aetatis
623 3507 727 3567 tantae
749 3507 830 3586 quod
851 3507 946 3568 vellet
967 3505 1056 3584 virgo
1078 3525 1210 3566 manere.

480 3604 555 3668 Post
576 3609 652 3670 haec
674 3609 705 3670 in
727 3609 839 3690 templo
861 3609 980 3670 Domini
1002 3610 1058 3669 sub
1080 3609 1194 3669 honore
1217 3611 1337 3670 sacrato

479 3709 693 3774 Decreverunt
713 3713 857 3794 populum
879 3730 1061 3773 concurerre
1084 3715 1233 3784 cunctum,

480 3812 523 3877 Ut
543 3817 658 3896 pariter
679 3818 794 3876 tantam
816 3816 1000 3893 temptarent
1021 3812 1148 3874 volv‘ere
1171 3833 1302 3876 causam

395 3912 467 3978 410.
488 3915 530 3980 Et
552 3937 620 3978 cum
642 3919 697 3978 sub
720 3917 809 3977 tectis
831 3915 936 3995 templi
957 3915 1139 3978 consisteret
1161 3919 1266 3993 omnis,

395 4089 573 4101 ψ

420 4189 466 4234 380.
481 4190 671 4243 desponsare,
691 4185 715 4232 c.
735 4184 813 4243 u.1³.;
835 4183 903 4240 vergi.
921 4184 1003 4242 Psoeg.
1026 4184 1108 4230 olion.
1126 4187 1168 4234 aa
1206 4188 1253 4235 893.
1270 4179 1410 4248 lusisse,

486 4255 517 4302 n.
530 4271 553 4304 n.
568 4255 593 4304 P.
619 4257 666 4300 408.
679 4255 741 4298 Μαι
754 4255 907 4308 decreverunt,
921 4249 944 4298 C.
959 4268 982 4300 u.
996 4252 1020 4300 S.

151 4585 1045 4876 ἦνη
