3134 4896
776 447 990 540 432...

458 643 582 724 „Astris
604 648 763 727 contiguos
785 649 904 710 coelum
923 649 1047 730 pulsare
1067 647 1260 731 profundum

377 746 448 812 765.
462 750 541 826 „Ast
562 771 620 830 ego
642 752 820 832 praecogito
842 769 961 812 summa
982 752 1189 814 tantummodo
1211 769 1293 826 cure,

465 853 518 929 „Si
539 854 639 914 saltim
659 854 780 916 valeam
800 871 909 936 puram
930 854 1141 936 conprendere
1162 855 1325 936 lympham,
1406 860 1411 867 '
1460 847 1467 860 '

457 956 603 1033 „Utribus
624 958 656 1018 in
677 958 789 1019 nostris
811 957 882 1036 quia
903 975 961 1017 nec
982 961 1030 1018 est
1052 957 1174 1036 guttula
1195 957 1316 1018 fontis.“

500 1060 587 1122 Haec
608 1061 700 1121 heros
722 1061 816 1139 igitur
836 1059 1032 1121 venerandus
1054 1061 1098 1120 sic
1119 1060 1311 1140 loquebatur,

458 1161 522 1225 Ceu
544 1163 732 1244 desperaret,
755 1163 837 1243 quod
857 1182 1004 1243 praesens
1027 1163 1126 1223 omnia
1146 1167 1251 1244 posset

377 1262 446 1326 770.
459 1263 608 1341 Christus,
631 1267 784 1348 corporeis
805 1267 905 1326 tectus
928 1266 1031 1326 luerat
1049 1267 1121 1345 quia
1141 1266 1293 1328 membris.

459 1368 502 1430 At
522 1387 609 1450 puer,
631 1370 663 1429 in
685 1370 801 1449 gremio
823 1387 913 1429 carae
935 1369 1091 1448 genitricis
1114 1371 1241 1430 amando

461 1471 664 1548 Accumbens,
686 1473 818 1554 palmam
839 1472 979 1552 gaudens
1001 1491 1035 1532 se
1056 1473 1151 1533 vertit
1172 1473 1212 1533 cd
1233 1473 1338 1553 ipsam,

458 1575 595 1636 Functus
619 1579 651 1636 et
672 1576 798 1656 imperio
818 1575 976 1656 praeclare
998 1575 1110 1655 quippe
1130 1577 1259 1656 paterno

456 1677 522 1760 Ipsi
544 1679 687 1740 continuo
710 1679 831 1740 dicebat
853 1679 954 1739 fronte
975 1696 1101 1738 serena:

376 1776 446 1841 775.
459 1781 586 1856 „Arbon
608 1782 698 1843 flecte
720 1785 790 1843 tuos
812 1801 927 1842 summo
950 1781 988 1841 de
1009 1782 1126 1842 vertice
1147 1800 1257 1856 ramos,

461 1883 531 1958 „Ut
554 1888 701 1964 quantum
722 1886 823 1958 libeat,
847 1885 885 1944 de
906 1887 938 1944 te
961 1887 1059 1945 mater
1079 1903 1148 1946 mea
1169 1889 1302 1966 carpat“

453 1985 592 2062 Dixerat,
616 1991 707 2067 atque
730 1988 793 2047 suis
815 1975 905 2048 arbor
927 1987 1091 2048 fortissimo
1109 1989 1205 2068 jussis

460 2088 542 2150 Ante
564 2090 660 2169 pedes
681 2089 798 2150 Mariae
819 2109 931 2172 parens
952 2090 1117 2152 inflectitur
1139 2092 1246 2153 almae.

460 2190 575 2252 Fructu
600 2211 728 2273 cumque
749 2213 805 2254 suo
826 2194 949 2274 penitus
971 2194 1073 2255 fuerat
1093 2194 1230 2275 spoliato,

375 2288 624 2356 780.1n0urvata
646 2297 731 2357 stetit
750 2315 809 2356 nec
829 2316 961 2376 surgens
982 2298 1046 2358 alta
1066 2298 1184 2377 petivit,

455 2395 585 2479 Opperit
605 2399 765 2480 imperium
787 2398 900 2460 Christi
921 2400 978 2462 sed
998 2401 1057 2462 rite
1079 2402 1247 2481 probatum,

458 2499 601 2581 Ipseque,
624 2506 673 2577 „te
696 2503 804 2577 subito,
827 2503 914 2578 dixit,
936 2523 1018 2564 nunc
1039 2505 1125 2583 erige
1146 2504 1256 2584 palma,

457 2603 521 2677 „Ut
542 2605 585 2666 sis
606 2606 759 2685 lignorum
779 2610 850 2687 post
870 2607 947 2668 haec
969 2609 1088 2686 collega
1109 2626 1253 2681 meorum,

456 2705 563 2780 „Quae
584 2709 782 2790 paradisiacis
804 2712 945 2771 constent
965 2711 1101 2791 plantate
1122 2710 1248 2784 locellis,

374 2803 445 2870 785.
456 2808 517 2884 „Et
537 2811 640 2872 radice
660 2816 714 2871 tua
735 2812 835 2872 deduc
855 2813 1001 2893 extimplo
1022 2815 1143 2873 secreta

455 2911 580 2988 „Undae
602 2913 750 2990 fonticuli,
773 2915 929 2976 fluitantes
952 2915 1076 2994 gurgite
1100 2915 1209 2976 dulci.“

458 3014 545 3085 Quae
566 3016 654 3078 citius
677 3017 757 3078 dicto
779 3019 969 3099 complentur
991 3017 1122 3096 denique
1144 3021 1262 3078 cuncta.

455 3117 499 3179 At
519 3119 613 3200 prolis
635 3120 768 3197 comites,
790 3123 906 3182 fontem
926 3120 1085 3182 lustrando
1106 3123 1271 3197 recentem,

454 3221 640 3284 Reddebant
662 3228 767 3303 grates
789 3225 902 3286 laetato
924 3226 1048 3305 pectore
1071 3224 1186 3300 dulces,

372 3319 442 3384 790.
454 3324 556 3404 Atque
578 3326 659 3386 sitim
679 3327 813 3409 lymphis
833 3327 953 3390 tristem
974 3329 1134 3410 dempsere
1156 3326 1294 3389 novellis.

457 3425 594 3509 Cumque
615 3431 784 3511 profecturi
805 3432 919 3494 deserti
939 3451 996 3513 per
1017 3433 1084 3494 loce
1104 3432 1186 3492 vesti

455 3529 578 3609 Essent,
600 3535 640 3594 cd
660 3535 793 3615 palmam
813 3535 906 3597 lesus
926 3537 970 3597 sic
992 3537 1114 3598 dixerat
1134 3536 1246 3615 ipram:

455 3634 521 3710 „De
543 3639 575 3697 te
597 3639 709 3720 qnippe
730 3659 798 3701 meo
819 3642 992 3720 praecepto,
1014 3638 1156 3718 palmula,
1177 3636 1297 3712 mando,

451 3740 612 3820 „Angelus
633 3746 668 3802 ut
688 3743 774 3804 coelo
796 3743 933 3815 veniens,
956 3741 1092 3819 dilapsus
1113 3741 1151 3800 ab
1173 3740 1245 3814 alto,

371 3836 442 3905 795.
452 3842 573 3919 „Tollat
593 3843 652 3904 rite
673 3847 726 3906 tuo
747 3863 865 3905 ramum
886 3843 924 3902 de
944 3841 1061 3904 vertice
1083 3861 1208 3918 summo,

360 4175 364 4183 Ι
394 4114 492 4222 italiis
506 4114 601 4226 molta?
600 4113 624 4160 S.
652 4111 1127 4170 Scerete,ll.u.l’.semitm&
1153 4112 1387 4172 minentem.

458 4187 567 4238 relate,
