3134 4896
770 504 986 574 „15-

447 697 642 764 Praestolata
655 701 752 774 *suum
773 699 883 780 gavisa
903 702 1007 762 mente
1026 703 1200 782 patronum.
1307 753 1309 758 .

491 803 616 866 Soilioet
637 804 774 865 attonitis
796 822 887 882 quem
908 822 978 864 oum
1000 805 1162 884 conspexit
1183 803 1298 880 ooellis,

447 903 526 967 Caro
548 906 726 986 florigerum
746 909 946 987 percurreret
968 906 1057 968 obvia
1078 924 1227 986 eampum,

360 1003 432 1070 255.
444 1007 547 1090 Ipsius
570 1013 602 1070 et
623 1010 701 1070 eollo
723 1028 793 1082 sese
816 1009 977 1090 suspendit
998 1009 1137 1083 amando,

447 1112 624 1174 Altithrono
647 1113 752 1190 grates
775 1113 932 1174 reddendo
955 1113 1087 1190 denique
1109 1113 1204 1172 tales:

447 1213 549 1290 ‚Laus
571 1215 634 1289 tibi,
658 1217 836 1276 eunotorum
857 1215 987 1292 largitor
1009 1233 1126 1274 summe
1147 1216 1303 1291 bonorum,

446 1316 528 1392 „Qui
547 1318 621 1376 milri
642 1335 703 1376 non
725 1317 833 1376 merito
856 1317 998 1390 eopoedis
1021 1316 1135 1394 gandia
1156 1319 1259 1379 tanta!

447 1417 547 1493 ‚AElooe
569 1419 670 1478 virum
688 1407 846 1498 proprium
866 1420 1063 1499 praesentem
1084 1419 1183 1479 sentio
1204 1419 1334 1496 salvum,

361 1516 433 1582 260.
445 1521 616 1602 „Tempore
638 1539 718 1600 quae
739 1520 832 1599 longo
851 1521 916 1600 jam
936 1520 1092 1599 permansi
1112 1521 1247 1595 viduata,

447 1621 617 1703 „Quaeque
638 1623 684 1682 fui
706 1623 828 1696 sterilis,
851 1623 977 1702 oouoepi
999 1622 1112 1702 gaudia
1133 1624 1236 1704 prolis.

449 1725 574 1788 Talibus
596 1707 717 1800 auditis,
739 1725 936 1803 congaudens
958 1723 1090 1796 ooneinit
1112 1725 1209 1786 omnis
1269 1767 1270 1772 κ

447 1827 541 1890 Plebs
563 1827 784 1908 hebraeaDeo
807 1826 914 1886 laudes
937 1845 1006 1886 eum
1025 1830 1152 1906 pectore
1173 1827 1264 1888 laeto.

492 1929 568 1991 Post
590 1931 674 2004 haee,
696 1911 823 1990 noueno¹
840 1931 982 2009 percerte
1003 1947 1110 1988 mense
1131 1932 1266 2010 peraoto,

364 2027 437 2092 265.
449 2030 545 2092 Venit
566 2049 683 2092 summa
704 2031 781 2106 dies,
802 2031 835 2090 in
856 2049 916 2109 qua
937 2031 1123 2112 praenobilis
1144 2031 1237 2092 Anna

448 2133 618 2212 Progenuit
637 2137 749 2207 natam,
773 2134 889 2193 eunetis
910 2134 1004 2194 seolis
1026 2135 1243 2208 venerandam

448 2235 583 2316 Postque
606 2237 671 2296 dies
693 2239 761 2296 ooto
782 2235 872 2316 primi
892 2255 1009 2296 venere
1030 2237 1132 2297 vooati

448 2339 622 2414 Pontifices,
644 2341 749 2398 tantae
771 2339 859 2398 solito
881 2339 933 2418 qni
954 2358 1038 2400 more
1059 2339 1183 2419 puellae

449 2443 568 2506 Nomen
591 2445 623 2524 et
642 2443 794 2521 aptarent,
816 2442 915 2521 ipsam
936 2461 1057 2521 quoqne
1080 2442 1314 2515 sanetifioarent.

363 2547 435 2612 270.
447 2546 525 2618 Quis
547 2545 686 2609 Joaohim
706 2545 851 2626 preculas
873 2543 954 2603 fudit
975 2545 1189 2624 praesentibus
1210 2544 1301 2606 istas:

452 2649 544 2727 „Rex
566 2648 653 2722 ooeli,
676 2649 773 2708 stellis
795 2647 878 2708 solus
901 2646 953 2725 qui
973 2647 1095 2718 nomina
1116 2646 1213 2727 ponis,

448 2751 562 2829 „istius
582 2753 710 2810 tenerae
730 2768 842 2824 nomen
865 2749 994 2826 dignare
1014 2750 1137 2828 puellae

448 2851 604 2930 „Caelitus
624 2851 744 2912 indiciis
764 2869 821 2930 per
842 2851 874 2910 te
895 2852 1067 2912 monstrare
1087 2853 1251 2922 nomenisss

493 2955 633 3026 Dixerat,
655 2955 687 3013 et
705 2953 807 3014 ¹subito
828 2951 931 3012 sentiit
951 2971 1016 3012 sors
1036 2953 1125 3028 tortis
1147 2956 1185 3014 ab
1212 2956 1284 3028 alto,

364 3055 609 3130 immundans,
631 3056 791 3134 egregiam
812 3053 980 3114 Mariam
999 3054 1137 3114 recitare
1158 3057 1301 3136 puellam,

451 3160 582 3222 Stella
600 3157 724 3219 maris
744 3159 852 3236 lingua
874 3157 955 3236 quod
976 3160 1123 3218 oensonat
1144 3177 1220 3239 ergo
1242 3159 1346 3236 latina;

451 3261 519 3324 Hoc
539 3280 650 3321 nomen
671 3260 780 3321 merito
802 3259 929 3334 sortitur
951 3263 1057 3322 saneta
1078 3265 1190 3344 puella,

449 3363 508 3424 Est
524 3363 599 3442 quia
620 3363 815 3444 praeolarum
836 3364 928 3440 sidus,
958 3367 1038 3444 qnod
1064 3367 1165 3446 fulget
1183 3367 1216 3428 in
1233 3383 1346 3428 aeuum

450 3463 549 3544 Regis
569 3465 690 3526 aeterni
712 3466 795 3526 dero
815 3467 988 3542 diademate
1010 3467 1132 3532 Christi.

365 3565 436 3632 280.
489 3567 565 3630 Post
584 3569 670 3645 boae,
692 3587 842 3646 asperum
862 3574 945 3632 meta
965 3577 1118 3651 uergente
1140 3575 1277 3647 duorum,

450 3671 621 3734 Portunata
639 3691 729 3732 suam
751 3673 824 3748 ilum
846 3674 975 3753 sumpsit
996 3676 1034 3734 ab
1055 3677 1151 3736 ubere
1172 3679 1284 3752 natam,

449 3775 643 3836 Ablaotantla
663 3775 744 3854 piam
766 3775 902 3853 genitrix
924 3776 962 3834 de
984 3795 1069 3836 more
1089 3775 1228 3854 Mariam,

452 3874 545 3948 Oeius
566 3876 598 3952 iu
620 3877 734 3955 templo
753 3877 838 3936 sistit
856 3895 928 3950 oum
947 3895 1076 3939 munere
1096 3881 1191 3960 digno

449 3974 563 4058 Ipsam,
585 3995 663 4057 quae
685 3977 832 4058 templum
853 3977 974 4040 Domini
995 3980 1053 4042 fuit
1074 3981 1164 4046 immo
1187 3984 1332 4062 luseum,

366 4209 580 4267 maurinae
601 4223 624 4254 u.
640 4210 665 4254 S·
679 4211 726 4260 26³.
740 4208 841 4270 slep,
855 4209 885 4258 Μ.
898 4210 946 4262 266·
960 4213 1090 4276 seculis,
1104 4215 1127 4264 Β.
1141 4217 1386 4279 tlflibtq'nlubtnl’.

350 4832 360 4835 .
400 4519 781 4836 Β
897 4541 1102 4836 [l

1549 4087 1552 4168 l
