3134 4896
756 439 1096 518 -76-’

534 525 543 558 Ι

442 613 627 702 ardescens,
650 627 748 688 sancti
769 626 900 688 mercari
922 643 1032 708 corpus
1054 627 1183 688 amandi.

437 729 506 802 Quo
528 749 599 792 nam
621 733 757 791 mercato
780 730 871 810 pretii
892 747 953 790 non
975 745 1103 790 munere
1125 747 1233 810 pauco,
1337 731 1340 736 ’

356 832 426 896 360.
442 833 577 913 Eligitur
599 833 701 907 tellus,
723 832 867 894 membris
889 833 1028 913 locuples
1049 831 1228 906 retinendis,

434 937 473 998 In
496 953 565 1016 qua,
588 953 732 1016 suprema
753 937 843 998 busto
865 953 976 1015 pompa
997 937 1149 1014 reparato,

439 1035 557 1100 Glebae
579 1040 636 1099 sub
660 1038 779 1098 cumulo
801 1036 973 1098 conduntur
995 1037 1147 1115 fragmina
1170 1055 1266 1098 sacre.

442 1141 531 1211 Quae
555 1159 628 1200 mox
650 1140 828 1218 stelligerae
850 1142 998 1218 regnator
1018 1139 1171 1200 maximus
1192 1141 1280 1202 aulae

439 1242 478 1302 ln
500 1243 615 1303 tumulo
637 1241 734 1320 signis
753 1241 846 1321 jussit
867 1241 990 1319 tblgere
1011 1241 1155 1314 coruscis,

353 1342 479 1408 365.1n
502 1343 595 1405 coelis
617 1344 718 1403 anima
740 1344 823 1417 satis,
847 1347 889 1417 ut,
911 1345 1064 1422 regnante
1085 1346 1188 1418 beata,

435 1446 544 1526 Aequa
567 1445 696 1524 gloriola
717 1448 889 1523 regnarent
909 1449 1029 1506 mortua
1050 1448 1194 1506 membra.

478 1548 617 1627 Denique
641 1548 788 1608 collectus
811 1567 942 1608 cernens
965 1569 1005 1608 ex
1027 1551 1104 1608 urbe
1127 1547 1278 1628 popellus,

438 1651 507 1713 Non
529 1669 627 1731 pauco
649 1651 744 1710 uariis
767 1643 908 1710 obsee‘scs
930 1655 1068 1730 tempore
1090 1650 1213 1725 morbis,

438 1751 596 1813 Mundatis
618 1752 681 1812 illic
702 1753 800 1814 foedis
822 1753 986 1832 putredine
1009 1753 1161 1825 membris,

357 1851 568 1928 370,sa1rari
590 1854 697 1932 gratis,
720 1855 804 1914 nulla
826 1853 969 1914 mercede
992 1855 1109 1930 salutirq

443 1955 523 2018 Nam
545 1955 653 2015 rudem
675 1956 776 2016 meriti
798 1959 937 2018 sanctum
959 1957 1071 2018 titubat
1092 1958 1159 2017 fore
1181 1955 1266 2030 tanti,

438 2059 528 2118 Illius
550 2060 586 2120 ut
608 2075 701 2119 cansa
723 2059 834 2120 fierent
854 2057 1004 2118 miracula
1025 2061 1120 2119 tante.

441 2161 578 2222 Tandem
601 2161 738 2222 coenobii
759 2160 903 2241 princeps
925 2163 1088 2240 rectorque
1110 2161 1233 2242 popelli,

439 2263 562 2343 Optima
584 2263 703 2324 consilii
724 2266 862 2324 tractans
883 2263 1085 2324 medicamina
1106 2261 1183 2335 sani,

360 2362 431 2427 375.
449 2365 552 2426 Sensit
574 2365 927 2428 celsithronumdevota
948 2368 1051 2426 mente
1073 2365 1270 2445 precandum,

445 2467 514 2538 Quo
533 2469 597 2549 jam
619 2468 785 2546 dignanter
807 2469 896 2529 solita
918 2468 1033 2548 pietate
1055 2470 1199 2548 patenter

440 2571 613 2650 Detegeret
635 2571 725 2632 dubio
749 2589 860 2631 causae
883 2573 1003 2632 secreta
1024 2572 1149 2631 remoto.

438 2672 529 2742 Quod
550 2691 622 2733 mox
639 2693 790 2753 personae
812 2693 906 2734 sexus
929 2675 1036 2754 optant
1056 2672 1225 2751 utriusque,

441 2775 568 2836 Parcius
592 2778 689 2854 atque.
706 2776 805 2836 tribus
827 2775 960 2836 sociatae
983 2777 1092 2856 sponte
1115 2774 1231 2848 dicbus,

357 2873 428 2937 380.
442 2876 605 2938 Instabant
627 2877 757 2958 hymnis,
779 2878 923 2958 precibus
945 2895 1066 2957 quoque
1089 2876 1193 2938 sacris.

439 2978 498 3038 His
521 2982 606 3039 certe
628 2980 709 3041 votis
732 2980 844 3041 devota
865 2983 968 3040 mente
990 2980 1133 3060 peractis,

440 3080 549 3142 Mitem
570 3082 718 3142 mollitum
740 3101 856 3160 regem,
878 3099 1015 3154 sensere,
1037 3082 1177 3161 polorum

436 3183 515 3244 Esse
537 3184 600 3243 suis
621 3185 773 3262 prccubs,
800 3184 936 3245 studioso
958 3203 1114 3246 murmure
1136 3185 1223 3257 susis,

442 3285 570 3346 Necnon
589 3285 703 3365 judicic
727 3287 837 3346 dubiae
859 3303 990 3367 pronum
1010 3287 1078 3347 fore
1098 3303 1217 3346 caueae.

353 3382 423 3447 385.
439 3385 480 3446 Et
503 3387 562 3447 cito
585 3388 742 3448 fornacem
765 3393 880 3468 cogunt
901 3390 1026 3450 fervere
1047 3389 1205 3462 minacem,

444 3488 574 3567 ignibus
597 3489 752 3571 appositis,
774 3494 839 3552 toto
862 3493 1019 3554 conamine
1041 3493 1193 3554 structis..

477 3589 614 3672 Cumque
636 3594 723 3654 focus
747 3594 863 3672 gremio
886 3595 1155 3672 fureretlornacie
1171 3593 1202 3655 in
1225 3597 1334 3676 amplo,

437 3693 513 3754 ltlcx
536 3698 627 3774 caput
649 3696 801 3757 abscisum
824 3695 937 3757 Christi
959 3715 1119 3776 sumpsere
1142 3699 1265 3772 famelli,

445 3795 531 3856 Talia
552 3797 756 3876 blandiloquis
779 3799 940 3879 palpantes
962 3799 1092 3860 verbula
1114 3800 1241 3879 linguis:

359 3893 429 3958 390.
445 3897 536 3992 „Res
557 3899 616 3990 pie,
640 3899 779 3980 sidereae
802 3900 978 3968 dominator¹
993 3901 1101 3986 nobilis
1125 3903 1223 3978 aulae,

347 4040 351 4049 .
364 4039 370 4047 .

347 4108 350 4117 '
382 4134 430 4177 err.
445 4115 568 4190 femere,
583 4135 614 4180 u.
630 4148 651 4176 e.
665 4135 690 4178 1³.
717 4135 763 4182 ere.
778 4109 922 4204 difflue,
938 4135 969 4178 rr.
980 4125 1006 4180 e.
1020 4135 1045 4182 r.

18 4719 41 4775 .
169 4450 406 4806 r)-
562 4498 648 4810 l
772 4284 1072 4814 ''d“
