3134 4896
734 383 958 454 2-88-

432 562 522 640 „Non
541 562 636 636 timet,
655 561 773 625 insidiis
794 560 1061 624 circumveniendo
1083 559 1205 636 dolosis,

429 665 606 742 „insontem
626 666 690 726 vita
711 665 856 726 fraudare
877 665 978 726 virum
999 665 1065 724 sine
1087 683 1189 738 causa,

432 767 638 850 „Complexus
660 787 750 828 carae
770 767 853 828 licito
878 787 937 846 quo
960 769 1066 848 posset
1086 768 1210 841 habere,

428 869 511 945 „Sed
533 874 703 952 postquam,
726 870 806 932 ratis
827 870 1011 950 perterritus
1032 870 1227 933 advenientis

343 968 416 1034 255,
429 973 624 1050 „Admonitu
647 975 753 1054 culpas
774 972 878 1032 didicit
900 973 1015 1032 deflere
1037 973 1195 1050 gemellas,

436 1076 580 1150 „Delerit
596 1077 729 1138 lacrimis
750 1076 843 1136 tacite
864 1075 1000 1136 maculas
1021 1075 1080 1136 cito
1102 1075 1212 1149 cordis,

431 1178 593 1259 „Suscepit
613 1199 736 1240 rursum
757 1177 938 1258 prophetiae
959 1197 1079 1258 quoque
1101 1178 1221 1248 donum.

430 1281 532 1356 „Quid
551 1283 685 1342 referam
706 1281 842 1355 Petrum,
863 1277 983 1341 Christo
1005 1283 1148 1355 testante,
1170 1282 1318 1342 beatum?

431 1383 513 1458 „Qui
531 1387 609 1464 post,
631 1383 770 1463 quamvis
790 1383 930 1444 solvendi
951 1385 1128 1463 pariterque
1150 1383 1267 1462 ligandi

347 1481 419 1548 260.
434 1486 582 1562 „Necnon
602 1487 780 1566 stelligerae
801 1486 906 1546 claves
927 1489 1090 1566 acceperat
1110 1487 1208 1572 aulae,

417 1574 512 1664 „Pro
526 1589 607 1650 ,fidei
627 1591 732 1650 rectae
752 1589 827 1650 satis
847 1607 998 1668 expressa
1018 1589 1161 1664 ratione,

429 1691 647 1766 „Detestanda
669 1690 769 1752 Deum
790 1711 859 1752 sese
879 1711 1066 1770 cognoscere
1088 1691 1251 1766 Christum,

431 1793 595 1869 „ltennuit
617 1793 747 1856 ancillae
766 1814 874 1855 vocem
894 1795 1059 1856 metuendo
1080 1796 1241 1868 nefandae,

431 1896 517 1970 „Nec
537 1898 641 1974 semel,
664 1900 717 1958 aut
736 1897 814 1958 binis
834 1897 962 1974 vicibus
984 1898 1040 1958 sed
1060 1898 1192 1977 denique
1213 1899 1318 1972 ternis,

345 1993 417 2059 265.
429 1996 513 2073 „Ceu
533 2018 698 2080 numquam
718 2000 827 2076 visum,
848 2019 953 2060 carum
972 2004 1068 2078 negat
1089 2021 1164 2080 ergo
1179 2002 1370 2080 magistrum.

431 2099 522 2185 „Sed
546 2101 616 2182 quia
639 2103 791 2180 condigne
812 2104 932 2183 lapsum
955 2103 1081 2164 deflevit
1100 2105 1137 2164 ab
1161 2123 1213 2164 010

430 2203 623 2278 „Peccatum
644 2207 755 2266 veniae
775 2206 888 2266 meruit
907 2205 1095 2266 medicamen
1118 2207 1244 2286 opimae,

430 2305 575 2381 „Scilicet
596 2311 688 2388 atque
711 2308 802 2388 gregi
818 2310 923 2388 jussus
943 2327 1090 2387 praeesse
1114 2309 1205 2383 fideli,

432 2409 599 2493 „Princeps
620 2411 769 2471 ecclesiae
792 2413 897 2490 pastor
917 2411 951 2470 fit
969 2412 1041 2491 jure
1063 2413 1211 2472 sacratae.

348 2507 420 2573 270.
436 2511 580 2588 „Talibus
602 2531 638 2580 ao
660 2514 762 2588 tantis,
783 2513 850 2574 aliis
872 2513 1037 2593 multisque
1059 2513 1166 2592 figuris

431 2613 643 2698 „Admonitus
667 2616 795 2676 similem
814 2637 873 2690 me,
896 2617 1067 2696 sperabam,
1090 2616 1237 2696 pietatem

432 2716 480 2802 „A
503 2716 624 2778 Christo
648 2718 736 2778 citius
758 2738 815 2800 per
836 2722 867 2779 te
888 2718 1069 2798 conquirere
1090 2723 1211 2798 posse.“

476 2817 532 2880 Cui
550 2820 640 2882 vultu
661 2820 773 2880 blando
796 2821 916 2880 dicebat
937 2823 1043 2880 sancta
1065 2820 1174 2896 Maria,

433 2920 568 2982 Tristem
587 2922 753 2984 mellifluae
772 2923 918 2984 refovens
940 2923 1102 2984 dulcedine
1123 2924 1266 3002 linguae:

345 3019 417 3086 275.
432 3023 486 3099 „Si
506 3027 538 3084 te
559 3025 750 3087 commissum
772 3027 877 3086 turbat
896 3025 1076 3104 facinusque
1097 3026 1272 3100 nefandum,

430 3125 613 3203 „Condecet
634 3130 670 3188 ut
691 3127 790 3188 cordis
812 3147 964 3188 consensu
985 3128 1159 3204 confitearis

430 3228 527 3306 „Hco,
549 3230 631 3309 quod
649 3231 796 3314 mendaci
810 3230 936 3290 demens
957 3251 1097 3292 sermone
1119 3231 1253 3310 negasti,

429 3332 564 3416 „Ipsum
586 3350 677 3414 quem
698 3332 814 3414 peperi,
834 3333 931 3414 patris
952 3337 1060 3395 natum
1081 3335 1147 3394 fore
1169 3334 1286 3410 summi,

430 3433 513 3516 „Qui-
530 3436 629 3516 judex
650 3419 753 3497 orhem
775 3437 881 3497 ueniet
901 3455 1053 3498 renovare
1074 3457 1130 3516 per
1152 3437 1265 3515 ignem,

345 3535 416 3604 280.
429 3538 490 3615 „Et
509 3542 580 3620 post
599 3539 677 3600 haec
697 3539 821 3624 tandem
842 3559 897 3619 pro
918 3542 949 3599 te
970 3557 1132 3618 praesumo
1155 3543 1300 3618 rogare.“

432 3641 636 3722 Illequidem
655 3662 763 3706 rursus
784 3642 947 3722 lacrimans
969 3640 1036 3700 infit
1054 3639 1269 3702 vicedomnus:

434 3745 480 3822 „O
502 3745 613 3828 dilecta¹
633 3744 700 3823 Dei,
721 3743 881 3824 (genitrix)
903 3741 1094 3822 sanctissima
1116 3740 1238 3818 Christi,

370 3983 524 4032 15111110,
544 3979 647 4020 111111).
676 3981 723 4022 161.
738 3977 983 4032 1105011100011..(1
1007 3976 1067 4020 118.
1096 3977 1371 4029 116.οι1111001,111.;

430 4049 526 4090 conde
536 4051 594 4101 ret,
608 4047 632 4088 l’.
670 4049 716 4092 28⁴2·
732 4045 750 4088 0
764 4047 846 4090 dilecta
857 4047 897 4092 Dei
912 4047 1054 4090 sanctissimo
1070 4045 1161 4100 Christi,
1178 4047 1225 4101 M.;
1245 4047 1269 4090 P.
1281 4049 1372 4100 erginzt

430 4129 464 4159 ιιιι
478 4117 553 4162 &ude
569 4118 663 4174 virgo.
807 4114 957 4355 ,1
