3144 4888
558 467 798 532 ³149-

495 649 504 664 “
545 637 800 702 Constantia.

156 742 314 824 Expaveo.
359 741 442 812 auid
464 745 520 817 est,
543 743 665 805 domine
688 744 755 805 mi?

523 844 830 908 Constantinus.

160 948 253 1029 Piget
273 945 386 1022 dicere,
407 965 448 1008 ne
471 948 670 1010 contristeris.

547 1048 795 1113 Constantia.

89 1161 91 1165 '
162 1151 262 1214 Multo
285 1152 384 1232 magis
407 1152 580 1228 contristor,
603 1155 712 1216 sinon
735 1154 861 1216 dixeris.

526 1255 831 1320 Constantinus.

160 1358 343 1422 Gallicanus
365 1357 438 1435 dux,
461 1360 511 1420 cui
529 1360 675 1440 frequens
705 1380 867 1421 successus
889 1361 1111 1442 triumphorum
1130 1362 1193 1444 pri-

158 1484 241 1524 mum
262 1463 344 1523 inter
365 1462 520 1543 principes
550 1464 708 1542 dignitatis
737 1463 902 1544 adquisivit
929 1464 1068 1544 gradum,
1091 1467 1192 1546 cujus·
1277 1488 1281 1494 ’

160 1586 220 1647 que
244 1585 301 1647 ope
322 1565 501 1646 saepissime
520 1566 693 1645 indigemus
714 1567 753 1626 ad
772 1567 982 1629 defensionem
994 1569 1123 1650 patriae,

548 1666 797 1731 Constantia.

161 1771 243 1860 Quid
264 1771 341 1831 iile?

521 1870 829 1935 Constantinus.

159 1977 328 2040 Desiderat
349 1977 381 2038 te
402 1995 548 2058 sponsam
568 1976 707 2037 habitum
728 1976 784 2037 ire.

555 2077 800 2141 Constantia.

160 2183 238 2245 Me?

523 2284 833 2349 Constantinus.

164 2390 217 2452 Te.

553 2487 802 2552 Constantia.

160 2593 280 2656 Mallim
297 2595 323 2634 ¹¹
335 2595 361 2676 ⁸)
383 2592 468 2656 mori.

528 2693 839 2757 Constantinus.

163 2799 330 2862 Praescivi.

552 2898 805 2963 Constantia.

161 3005 230 3066 Nec
251 3005 370 3078 mirum,
398 3003 469 3082 quia
499 3005 552 3064 tuo
576 3023 738 3079 consensu,
760 3007 814 3066 tuo
836 3006 990 3085 permissu
1011 3001 1198 3066 servandam

162 3108 229 3169 Deo
249 3107 462 3186 virginitatem
484 3107 604 3168 devovi.

533 3207 832 3272 Constantinus.

163 3312 300 3374 Memini.

559 3413 810 3478 Constantia.

162 3517 265 3578 Nullis
293 3517 373 3577 enim
401 3517 558 3599 suppliciis
587 3535 732 3596 umquam
752 3519 861 3597 potero
884 3514 1034 3596 compelli,
1058 3513 1132 3593 quin
1155 3512 1202 3574 in-

162 3619 312 3680 violatum
335 3620 504 3682 custodiam
526 3622 753 3680 sacramentum
773 3617 932 3700 propositi

526 3721 830 3784 Constantinus.

167 3821 328 3886 Convenit.
363 3822 426 3885 Sed
447 3823 519 3886 hinc
541 3828 661 3888 coartor
681 3825 815 3899 nimium,
837 3821 917 3904 quia,
939 3819 975 3899 si,
1004 3820 1086 3902 quod
1108 3819 1205 3880 debet

163 3927 231 3990 fieri
253 3929 382 4008 paterno
412 3947 506 4002 more,
538 3929 570 3989 te
597 3928 629 3988 in
657 3927 814 4009 proposito
839 3944 1037 4009 permansum
1059 3924 1105 3984 ire
1128 3942 1200 3984 con·

193 4165 246 4217 ιιι)
260 4161 384 4216 Mallem,
400 4162 433 4219 0.,
450 4161 474 4207 S.
488 4175 510 4204 u.
524 4162 569 4216 Mg.
