3122 4894
769 417 1006 483 ..183-

811 593 975 656 Milites

379 693 578 777 Praecepisti,
601 715 721 776 nosque
742 697 805 757 tuis
831 697 1007 777 praeceptis
1035 713 1162 777 operam
1189 696 1331 758 dedimus
1355 699 1412 760 im-

377 798 508 878 plendis,
531 799 588 858 sed
609 819 821 879 supervenere
843 800 904 860 duo
931 801 1030 878 ignoti
1054 803 1198 880 juvenes,
1220 805 1411 874 asserentes,

379 921 413 962 se
436 901 476 960 ad
498 901 556 962 hoc
578 921 619 962 ex
641 906 673 962 te
694 903 814 978 missos,
835 911 872 964 ut
888 902 1039 964 Hirenam
1059 905 1100 964 ad
1122 921 1269 964 cacumen
1290 906 1405 967 montis

381 1003 597 1088 producerent.
609 1005 651 1086 ³⁷)

785 1089 808 1151 S
815 1089 999 1152 isinnius.

379 1174 575 1258 Ignorabam

807 1261 977 1324 Milites.

379 1345 594 1428 Agnoscimus.

785 1449 999 1513 Sisinnius.

381 1535 498 1607 Quales
520 1536 669 1598 luerunt?
798 1609 803 1614 ‚

811 1622 976 1685 Milites.

376 1722 500 1787 Amictu
521 1725 682 1808 splendidi,
703 1727 796 1820 uultu
815 1727 977 1788 admodum
998 1727 1172 1788 reverendi

784 1827 805 1890 S
815 1831 824 1889 i
833 1851 847 1890 s
857 1831 895 1890 in
904 1851 924 1891 n
931 1831 942 1890 i
950 1851 969 1890 u
981 1851 1004 1891 s.

381 1931 464 1994 lium
486 1931 696 2012 sequebamini
717 1931 811 1993 illos?

809 2033 973 2117 Milites.

382 2117 600 2200 Sequebamur.
1032 2121 1034 2126 ’

786 2205 994 2270 Sisinnius.

379 2291 463 2366 Quid
483 2293 647 2355 iecerunt?

812 2379 983 2442 Milites.

379 2483 408 2547 A
432 2485 543 2546 dextra
565 2485 716 2566 laevaque
737 2485 874 2546 Hirenae
890 2503 924 2544 se
946 2484 1128 2545 locaverunt
1146 2484 1179 2544 'et
1199 2502 1256 2545 uos
1277 2483 1340 2546 huo
1362 2483 1410 2544 di-

379 2589 538 2664 rexerunt,
562 2609 621 2669 quo
641 2589 673 2650 te
696 2587 798 2648 exitus
820 2588 867 2648 rei
887 2608 948 2648 non
969 2588 1090 2648 lateret.

785 2706 1003 2770 sisinnius.

379 2811 499 2886 Restat,
522 2811 557 2874 ut
578 2829 706 2872 ascenso
729 2829 807 2890 equo
829 2829 966 2890 pergam,
987 2814 1027 2885 et,
1049 2810 1102 2890 qui
1129 2808 1255 2886 luerint,
1277 2809 1332 2890 qui
1352 2827 1410 2872 uos

382 2917 444 2978 tam
467 2915 562 2976 libore
585 2915 759 2989 illuserunt,
782 2913 966 2994 perquiram.
991 2915 996 2923 '

812 3015 978 3074 Milites.

382 3103 586 3188 Proponamus
608 3102 732 3185 paritor.

816 3237 866 3246 ...0-
871 3237 971 3246 ιιι-*ιι-

783 3322 1003 3386 Sisinnius.

380 3427 475 3492 llomt
505 3427 622 3508 ignoro,
652 3427 726 3510 quid
755 3447 854 3510 agam.
897 3426 1118 3493 Pessumdatus
1153 3445 1222 3488 sum
1249 3425 1409 3488 maleficiis

379 3531 629 3598 clirislioolcrnm.
663 3532 720 3608 lin,
733 3533 773 3616 ³⁸)
795 3531 929 3593 montom
951 3530 1103 3620 circumeo
1126 3533 1166 3604 et,
1192 3530 1332 3592 semitam
1349 3530 1408 3596 ,ali-

378 3635 497 3718 ‹piotios
521 3636 711 3718 opperiens,
730 3614 787 3698 rico
811 3654 972 3696 ascensum
985 3619 1259 3720 comprehendere,
1276 3653 1334 3694 nec
1356 3653 1406 3694 re-

381 3739 477 3804 clitum
500 3761 578 3824 qum
600 3742 752 3822 repetere.

817 3821 981 3883 Milites.

378 3925 465 3991 Miris
489 3925 584 3992 modis
608 3943 713 3990 omues
734 3923 889 3988 illudimur
917 3913 1075 4003 nimiaque
1092 3921 1274 3986 lassitudine
1298 3925 1409 4005 fatiga-

404 4129 440 4188 δη
456 4131 665 4186 pertimerent,
676 4129 707 4184 c,
717 4127 740 4173 S.
751 4127 824 4184 alig.
834 4128 870 4184 38]
887 4124 1014 4202 ltilmtllu,
1024 4122 1085 4164 nicht
1100 4123 1136 4178 ln,
1150 4123 1220 4180 stig.
1232 4137 1253 4178 p.
1264 4127 1305 4194 15¹2,
1315 4125 1409 4188 ..inm

413 4578 615 4838 ις)
749 4376 1213 4842 sil·
