3144 4888
785 407 1024 483 ⁶126*

484 590 528 655 Ut
549 593 651 656 radios
672 594 750 655 lucis
771 593 850 654 vidit
870 577 947 652 mire
968 590 1132 664 rutilantis,

481 697 651 775 Angelicae
674 698 922 777 praefulgentem
943 695 1103 773 vestisque
1124 695 1266 753 tutorem.

484 797 652 880 Correptus
673 800 755 878 signi
776 799 867 860 nimio
892 802 1010 859 terrore
1033 795 1186 876 stupendi,

484 901 662 962 Prostratus
685 921 792 964 sacrae
814 902 932 983 plantis
956 901 1102 981 extimplo
1124 899 1257 979 puellae,

400 1001 472 1064 250.
488 1004 637 1077 Postulat,
661 1025 800 1066 errorum
822 1005 922 1066 laxari
943 1005 1047 1065 vincla
1069 1021 1201 1074 suorum,

483 1107 699 1186 Testaturque,
721 1108 820 1167 Deum
841 1127 950 1168 rerum
972 1107 1039 1167 fore
1057 1108 1128 1186 jure
1151 1104 1321 1177 colendum,

485 1208 563 1288 Ejus
586 1211 721 1270 cultores
744 1212 796 1290 qui
818 1210 1024 1270 consolabitur
1047 1227 1161 1269 omnes

483 1310 595 1392 Sicque
618 1313 704 1372 locus
727 1315 880 1373 scelerum
902 1313 1009 1372 domus
1033 1311 1164 1371 efficitur
1185 1309 1389 1390 precularum.

484 1413 621 1474 Tandem
642 1416 794 1494 praesenti
815 1418 907 1476 natus
929 1415 1016 1476 venit
1036 1415 1116 1474 male
1140 1432 1242 1486 sanus,

398 1513 471 1577 255.
490 1514 586 1597 Cujus
609 1519 754 1579 sustinuit
777 1537 870 1578 causa
891 1519 953 1578 vim
975 1518 1064 1595 virgo
1086 1518 1186 1576 beata.

492 1619 561 1694 Qui,
584 1639 656 1680 mox
678 1621 839 1699 ingressus
861 1621 974 1681 ridenti
996 1619 1096 1692 corde,
1119 1619 1256 1679 misellus

484 1721 551 1782 Nec
573 1723 652 1782 dixit
673 1723 797 1783 laudem
818 1724 955 1797 Domino,
977 1741 1038 1782 neo
1059 1722 1162 1782 reddit
1185 1724 1339 1795 honorem,

487 1821 594 1884 Gratia
617 1825 756 1886 tristifico
778 1829 866 1906 cujus
888 1826 1028 1885 radiabat
1048 1824 1080 1884 in
1103 1827 1200 1898 antro,

491 1925 553 1986 Sed
577 1927 615 1986 de
639 1947 672 1987 se
696 1929 837 1988 stabilem
858 1929 959 1990 lactus
981 1927 1128 1988 tendebat
1150 1929 1180 1987 in
1204 1928 1321 2000 aedem,

406 2024 478 2088 260.
494 2027 650 2108 Amplexu
674 2030 763 2104 dulci,
787 2050 925 2110 sperans,
949 2051 982 2090 se
1004 2031 1134 2108 virginis
1156 2031 1202 2090 uti

490 2129 558 2190 Jam
580 2131 662 2191 licito
685 2151 802 2207 sacrae,
825 2135 912 2213 cujus
934 2134 1103 2212 languebat
1125 2151 1237 2192 amore.

486 2232 549 2293 Sed
572 2231 685 2294 Christi
707 2235 807 2314 pietas
829 2255 949 2296 necnon
971 2237 1132 2316 praecelsa
1153 2238 1291 2316 potestas

488 2335 625 2397 Fortiter
648 2338 799 2398 obsistens
821 2339 865 2398 illi
886 2359 1036 2420 perversa
1058 2339 1184 2414 uolenti,

490 2439 520 2499 A
542 2441 717 2520 corruptela
738 2443 893 2522 propriam
915 2444 1052 2524 protexit
1074 2443 1236 2514 alumnam,

401 2537 473 2601 265.
491 2540 529 2600 In
552 2545 715 2622 reprobam
735 2545 881 2605 miserum
903 2549 1032 2607 mortem
1054 2547 1197 2607 tradebat
1219 2547 1250 2604 et
1271 2543 1365 2603 illum.
1400 2553 1404 2562 ·

494 2643 573 2704 Nam
597 2665 678 2720 mox,
700 2650 735 2708 ut
757 2648 866 2727 rapido
888 2668 980 2709 cursu
1002 2650 1226 2729 properaverat
1248 2647 1310 2719 illo,

490 2746 559 2816 Quo
582 2749 716 2828 supplex
737 2750 845 2809 laudes
867 2750 995 2812 Domino
1016 2753 1219 2811 resonaverat
1241 2749 1358 2826 Agnes,

488 2848 614 2924 Infelix,
637 2852 781 2911 membris
803 2853 959 2932 inprovisa
980 2853 1124 2914 resolutis

490 2950 600 3026 Morte,
623 2953 685 3012 ruit
707 2973 831 3032 pronus,
855 2954 968 3015 Christi
990 2956 1106 3017 virtute
1128 2956 1316 3036 peremptus,

403 3049 475 3114 270.
494 3053 571 3128 Quo,
594 3057 691 3134 pater,
715 3057 828 3130 audito,
851 3058 944 3117 miser
968 3059 1095 3119 advenit
1117 3057 1312 3129 lacrimando,

495 3156 632 3235 Stipatus
654 3158 750 3218 multa
772 3162 955 3238 populorum
976 3179 1108 3241 namque
1129 3166 1264 3233 caterva,

490 3257 540 3332 Et,
564 3277 634 3319 sese
654 3260 800 3321 miserum
822 3263 967 3339 clamans,
991 3253 1159 3345 spargebat
1179 3265 1210 3325 in
1233 3264 1328 3323 altum

491 3359 602 3435 Voces,
626 3362 673 3422 his
696 3367 834 3426 sanctam
855 3368 960 3428 verbis
983 3369 1136 3428 causando
1159 3367 1308 3448 puellam:

491 3462 537 3538 „0
560 3466 784 3543 muliermala,
807 3471 949 3544 crudelis,
973 3473 1022 3532 cui
1042 3491 1104 3532 non
1126 3470 1282 3530 muliebris

406 3560 623 3641 275.„001·dis
645 3569 725 3632 inest
759 3573 866 3633 feritas
889 3575 1074 3653 nimiumque
1097 3577 1225 3633 cruenta
1247 3571 1401 3642 uoluntas,

493 3668 647 3751 „Corpore
670 3675 725 3734 sub
748 3683 856 3738 tenero
880 3676 1081 3736 frendescens
1103 3693 1188 3734 more
1211 3674 1319 3747 forino,

494 3771 579 3847 „Dia
603 3793 682 3852 quae
705 3793 798 3836 causa
818 3797 920 3838 meum
942 3779 1025 3856 cogit
1047 3782 1078 3838 te
1100 3777 1233 3858 perdere
1255 3778 1369 3850 natum,

495 3873 578 3950 „Qui
599 3875 694 3938 dacus
718 3897 806 3940 omne
828 3880 892 3941 suis
915 3883 947 3942 et
968 3899 1039 3963 spes
1061 3881 1164 3942 fuerat
1184 3878 1342 3959 genitoris,
1438 3899 1443 3907 ¹

359 4073 367 4082 ⁸
435 4090 481 4140 247.
497 4096 610 4151 vestisque
625 4096 766 4154 nitorem,
781 4095 805 4142 C.
831 4097 1042 4155 missitabat,
1057 4096 1123 4144 lli-u·
1138 4095 1185 4156 1³.⁸
