3144 4888
289 1257 293 1265 .
415 1309 943 1426 Hrotsvithac

534 1515 775 1604 Praefatio.
799 1523 841 1618 ²²²)

604 1700 757 1712 -υ-ιι-ι-

264 1863 407 1937 Plures
426 1866 676 1942 inveniuntur
699 1871 887 1963 catholici,
910 1869 1021 1966 cujus
1040 1896 1111 1946 nos
1132 1897 1198 1969 pc·
1295 1892 1297 1897 ·

266 1981 369 2050 nitus
397 2003 622 2076 expurgare
644 1985 847 2079 nequimus
868 1987 889 2068 ¹)
909 1986 1011 2078 facti,
1038 1989 1101 2081 qui
1125 2010 1196 2083 pro

266 2093 438 2165 cultioris
468 2095 648 2168 facundia
680 2101 873 2170 sermonis
905 2101 1105 2194 gentilium
1133 2123 1198 2172 va·

266 2209 425 2280 nitatem
447 2208 631 2282 librorum
649 2213 799 2284 utilitati
822 2213 1054 2308 praeferunt
1069 2236 1198 2285 sacra·

268 2344 351 2394 rum
378 2324 671 2416 seripturarum.
714 2327 814 2398 Sunt
831 2329 946 2398 etiam
975 2327 1050 2416 alii,
1073 2328 1196 2399 sacris

263 2437 514 2513 inhaerentes
542 2441 708 2533 paginis,
744 2443 819 2534 qui,
861 2441 953 2511 licet
975 2440 1051 2510 alia
1075 2442 1199 2532 genti·

265 2551 354 2621 lium
381 2563 582 2645 spernant,
598 2553 809 2634 Terentii²)
832 2562 962 2623 tamen
986 2555 1198 2646 fingmenta

265 2666 509 2758 trequentius
524 2668 707 2755 lectitant,
723 2675 773 2758 et,
790 2668 878 2738 dum
897 2666 1099 2738 dulcedine
1117 2689 1199 2738 ser·

259 2780 905 2874 monis‘delcetantur,ucfandarurn
920 2780 1054 2851 notitia
1066 2803 1196 2851 rerum

265 2895 516 2965 maculantur.
558 2895 668 2966 Unde
691 2917 783 2988 ego,
804 2895 988 2966 Clamor
1007 2894 1197 2966 validus

219 3034 222 3042 ·
263 3008 726 3099 GaudeshemeusiS,
761 3031 838 3079 non
880 3007 1058 3080 recusavi
1091 3007 1197 3079 illum

265 3121 405 3192 imitari
425 3123 613 3214 dictando,
627 3124 713 3194 dum
733 3123 759 3202 ³)
786 3124 851 3193 alii
873 3123 1002 3194 colunt
1018 3122 1198 3216 legendo,

270 3258 345 3330 quo
370 3237 505 3307 eodem
530 3237 747 3308 dictationis
773 3259 940 3332 genere,
967 3261 1042 3332 quo
1069 3236 1198 3330 turpia

266 3349 495 3422 lascivarum
513 3351 661 3425 incesta
678 3351 906 3422 feminarum
923 3352 1197 3440 recitabantur,

271 3465 473 3536 laudabilis
506 3487 703 3537 sacrarum
747 3465 973 3536 castimonia
1004 3466 1197 3558 virginum

206 3714 238 3796 ¹³)
261 3717 325 3776 Der
349 3714 455 3777 Codex
477 3717 531 3778 hat
553 3717 632 3778 auch
654 3717 721 3777 hier
742 3736 804 3777 von
826 3717 882 3776 der
903 3714 996 3777 Haud
1018 3714 1074 3774 des
1096 3711 1200 3776 Celtes

256 3802 305 3862 die
329 3801 558 3865 Ueberachrift:
592 3803 803 3876 Hrotsuithac,
818 3802 948 3864 illustris
969 3799 1106 3862 mulieris
1129 3817 1199 3877 ger·

258 3906 377 3962 manae,
402 3891 496 3968 gente
520 3889 667 3950 saxonica
690 3898 785 3963 ortae,
803 3889 834 3949 in
857 3908 915 3949 sex
934 3887 1107 3950 comoedias
1128 3901 1200 3944 suas

255 3974 406 4055 praelatio
430 3974 562 4035 feliciter
584 3975 697 4055 incipit.
744 3975 768 4054 ¹)
790 3973 1049 4054 nequivimus,
1072 3969 1105 4034 O.
1120 3990 1148 4030 u.
1169 3968 1199 4030 S.

211 4079 238 4159 ²)
261 4077 482 4151 Tercentil,
511 4077 570 4153 M.;
593 4061 823 4151 Thercncii,
853 4074 902 4152 O.;
930 4076 1134 4154 figmenta,
1157 4069 1198 4147 0,

256 4163 286 4226 S.
308 4183 338 4225 u.
362 4162 427 4244 Mg.
471 4164 497 4245 ³)
521 4183 635 4244 quem
657 4163 708 4224 alii
731 4164 844 4238 colunt,
866 4160 899 4224 (l.
919 4182 949 4222 u.
972 4160 1003 4222 S.
