3134 4896
803 467 1018 542 ...10...¹

489 662 528 728 In
549 662 680 747 propriis
701 663 786 728 ritae
808 665 924 728 ducens
946 663 986 727 ad
1008 662 1123 746 gaudia
1143 663 1276 740 loeas„

484 767 638 831 Passurus
657 769 788 832 mortem
807 787 955 850 magnum
974 768 1073 849 mni
1093 788 1150 850 per
1171 786 1315 843 amorem,

483 869 713 952 Empturneque
734 889 804 932 reos
826 872 945 934 animae
966 871 1066 952 pretio
1088 870 1146 934 sibi
1167 887 1269 934 carae.

529 973 589 1034 Hic
610 973 702 1035 heros
724 974 846 1051 etenim,
869 974 908 1035 de
931 994 990 1056 quo
1012 974 1153 1050 narrabo,
1177 972 1326 1049 Joaohim,

402 1071 453 1140 65.
486 1075 555 1140 Tali
575 1077 718 1158 percerte
740 1077 817 1138 felix
838 1076 1014 1159 patriarcha
1035 1077 1157 1158 nepote,

485 1178 563 1240 Toto
586 1197 620 1238 se
642 1177 771 1260 placidis
794 1198 906 1241 ornans
929 1179 1088 1240 conamine
1111 1178 1209 1253 factis,

485 1279 639 1360 Quicquid
661 1281 806 1363 possedit,
828 1301 884 1363 per
906 1284 970 1344 tres
992 1284 1098 1364 partes
1120 1281 1284 1357 resecavit,

486 1383 612 1444 Partem
633 1383 710 1444 dans
732 1383 842 1460 uiduis,
864 1384 1038 1466 peregrinis
1060 1386 1152 1470 etune
1174 1384 1297 1466 puellis,

488 1484 619 1566 Saepius
640 1485 671 1546 in
693 1487 807 1568 templo
829 1489 949 1568 partem
970 1487 1188 1548 famulantibus
1211 1506 1297 1566 ergo,

409 1584 458 1648 70.
490 1585 738 1670 Particulamque
761 1608 835 1650 suae
858 1590 959 1651 domui
981 1591 1164 1650 servaverat
1185 1589 1274 1652 omni.

489 1689 558 1752 Hoc
580 1711 699 1772 quoque
721 1711 782 1753 non
803 1711 874 1753 raro
896 1692 1012 1753 faciens
1035 1692 1150 1773 pietate
1172 1691 1317 1771 benigna,

491 1792 593 1872 Digne
615 1793 789 1855 mercedem
811 1795 947 1876 suscepit
968 1794 1100 1874 denique
1122 1793 1224 1868 talem,

490 1893 541 1967 Ut,
563 1895 688 1976 propria
709 1897 911 1982 substantiola
932 1899 1011 1958 bene
1033 1895 1243 1976 multiplicata,

485 1995 589 2076 Ipsius
611 1997 713 2077 gentis
735 2017 880 2078 proceres
901 1998 1106 2080 praecelleret
1127 2017 1253 2071 omnes,

400 2094 450 2160 75.
483 2098 549 2160 Neo
572 2100 629 2161 sibi
651 2100 839 2161 consimilem
860 2102 1001 2183 portaret
1023 2104 1108 2162 terra
1129 2101 1296 2181 potentem,

486 2201 586 2272 Quem
608 2202 651 2263 sic
674 2204 854 2263 cunctarum
875 2202 999 2263 fulciret
1021 2203 1108 2283 copia
1129 2221 1241 2274 rerum.

529 2304 683 2375 Quattuor
705 2305 755 2366 hic
777 2308 861 2366 certe
885 2325 953 2366 cum
971 2307 1036 2386 jam
1057 2304 1188 2365 feliciter
1209 2304 1277 2386 ipse

486 2406 638 2469 Volneret
658 2407 690 2468 in
713 2427 829 2469 summa
851 2409 974 2469 fortuna
995 2409 1094 2468 lustra
1116 2408 1226 2481 rotata,

483 2509 580 2570 Vultu
602 2510 819 2592 perpulchram
841 2511 899 2572 sibi
921 2510 1120 2591 desponsavit
1142 2510 1270 2570 amicam

400 2610 450 2675 80.
482 2612 611 2674 Necnon
632 2614 837 2694 praenitidam
858 2613 1022 2674 laudandis
1043 2612 1194 2688 moribus,
1216 2610 1349 2688 Annam,

485 2713 516 2776 A
539 2715 619 2776 caris
640 2720 757 2792 natam,
778 2716 880 2777 David
902 2716 940 2777 de
963 2716 1059 2797 stirpe
1081 2717 1224 2790 creatam,

489 2816 630 2878 Foedere
651 2818 748 2898 legali
768 2819 892 2899 proprio
915 2838 1005 2898 quam
1023 2817 1129 2898 junxit
1150 2817 1254 2878 amori.

461 2917 573 2994 ,Hanc
594 2922 698 2981 antem
714 2924 892 2995 memorant,
916 2921 1052 2982 sterilem
1072 2940 1134 2982 non
1157 2922 1295 3002 tempore
1317 2938 1420 3006 parvo,

485 3019 578 3102 Spem
599 3024 706 3103 partus
728 3022 842 3084 homini
862 3023 978 3084 nnllam
1000 3023 1141 3086 conferre
1163 3022 1255 3084 fideli

403 3120 453 3188 85.
487 3123 633 3200 Tandem,
656 3125 784 3206 digestis
805 3125 853 3187 bis
876 3126 964 3189 denis
987 3125 1104 3188 scilicet
1126 3124 1223 3200 annis,

490 3224 640 3308 Contigit,
662 3227 695 3288 in
716 3227 829 3308 templo
853 3227 993 3290 Joaohim
1014 3229 1070 3290 sub
1093 3230 1232 3310 tempore
1254 3227 1334 3292 festo

490 3327 579 3388 Inter
601 3332 737 3410 sacratos
759 3329 866 3392 altaris
888 3333 971 3392 stare
993 3311 1157 3406 ministros,

480 3429 519 3492 In
527 3449 653 3492 censum
675 3431 762 3512 digni
784 3433 908 3496 fuerant
930 3434 982 3514 qui
1002 3454 1119 3516 ponere
1140 3433 1208 3495 visi.

488 3531 591 3604 Quem
611 3533 725 3598 Ruben
746 3535 852 3617 templi
874 3536 946 3598 dum
967 3537 1046 3600 vidit
1067 3537 1167 3598 scriba
1189 3533 1311 3614 sacrati,

402 3632 451 3701 90.
483 3635 608 3700 Exosns
631 3638 754 3714 lactum,
778 3638 868 3700 dictis
890 3639 1000 3701 affatur
1022 3637 1148 3699 amaris:

484 3739 573 3817 „Non
595 3739 669 3801 licet
688 3739 863 3818 incensum,
887 3741 979 3815 dixit,
1002 3742 1035 3802 te
1055 3747 1187 3819 tangere
1209 3743 1357 3816 sanetum,

487 3839 638 3916 „Munera
658 3861 717 3904 neo
737 3842 866 3904 Domino
888 3842 1028 3925 praestat
1049 3842 1124 3904 dare
1146 3843 1356 3920 sacrificando,

424 4111 584 4166 vagantes,
604 4107 704 4154 (tus.
731 4109 763 4153 Π.
792 4109 980 4163 111111,0.11.8.
1008 4113 1300 4166 tanimundus.
1326 4117 1360 4160 52
1376 4116 1426 4160 Fos-

476 4179 563 4232 deris.
590 4181 624 4222 90.
638 4177 865 4231 unsaramma.
893 4179 1152 4238 senseriacum,
1168 4181 1255 4226 aas.
