3122 4894
546 503 785 572 ...195-

533 677 800 744 Galimaohus.

148 782 228 844 Inde
249 801 311 842 non
334 800 418 858 curo,
441 781 468 844 si
489 781 588 864 ipsam
610 783 725 844 admei
741 801 877 846 amorem
893 784 1051 850 arnonus
1064 788 1182 868 potere.

592 883 731 948 Amici.

147 971 218 1032 Non
241 970 367 1051 poteris.

127 1105 131 1110 .
539 1053 798 1120 Calimachus

149 1138 212 1203 our
235 1139 395 1202 diffiditis?
905 1125 914 1152 ⁸

597 1226 730 1290 Amici.

148 1327 230 1399 Quia
250 1346 317 1389 rem
339 1326 493 1389 difficilem
514 1329 602 1409 petis.

537 1429 796 1494 Calimachus

146 1535 228 1596 Num
250 1555 309 1616 ego
331 1537 448 1618 primus
477 1535 651 1615 hujusmodi
680 1555 747 1596 rem
766 1537 848 1616 peto,
879 1539 911 1600 et
931 1555 994 1600 non
1015 1537 1181 1600 multorum
1242 1609 1249 1621 ¹

147 1640 187 1700 ad
210 1640 386 1700 audendum
407 1643 593 1721 provocatus
616 1657 683 1698 sum
706 1639 874 1719 exemplo?

592 1739 726 1802 Amici.

145 1844 288 1922 Intende,
301 1845 415 1906 trater:
439 1861 476 1904 ea
496 1843 573 1925 ipsa,
597 1861 688 1924 quam
710 1844 811 1920 ardes,
824 1844 923 1906 sancti
934 1843 1084 1907 Jolrannis
1106 1861 1178 1925 apo·

146 1948 218 2010 stoli
241 1949 411 2009 doctrinam
433 1950 549 2022 secuta,
571 1949 667 2008 totam
689 1967 724 2008 se
747 1947 873 2009 devovit
894 1947 973 2024 Deo,
994 1947 1028 2007 in
1049 1949 1178 2022 tantum,

144 2053 181 2111 ut
210 2071 269 2112 nec
297 2051 337 2111 ad
367 2051 490 2112 thorum
518 2049 703 2125 Andronici,
734 2049 979 2112 christianissimi
1010 2050 1085 2126 viri,
1113 2051 1178 2131 jam

146 2153 263 2214 dudum
284 2153 384 2234 potuit
397 2152 554 2228 revocari,
578 2172 637 2232 quo
653 2153 753 2214 minus
769 2157 840 2214 tuae
851 2152 1024 2216 consentiet
1038 2152 1177 2215 vanitati.

534 2253 796 2317 Calimachus.

146 2357 295 2429 Quaesivi
317 2375 336 2418 a
356 2358 445 2419 vobis
467 2358 714 2435 consolationem,
737 2359 793 2419 sed
814 2357 951 2420 incutitis
971 2357 1047 2420 mihi
1068 2357 1178 2442 despe-

144 2462 304 2522 rationem.

593 2541 729 2607 Amici.

146 2649 209 2720 Qui
231 2649 364 2725 simulat,
386 2647 476 2723 fallit,
497 2651 529 2710 et
551 2649 604 2730 qui
624 2649 745 2732 profert
765 2647 980 2726 adulationem,
995 2649 1103 2711 ‘rendit
1123 2635 1177 2711 vess

142 2753 274 2815 ritatem

531 2835 795 2899 Calimachus.

142 2941 224 3014 Quia
244 2941 319 3002 mihi
337 2943 478 3003 vestrum
499 2941 649 3002 auxilium
671 2940 858 3017 subtrahitis,
871 2940 970 3023 ipsam
981 2940 1071 3003 adibo
1095 2941 1176 3022 ejus-

142 3065 204 3128 que
227 3045 327 3107 animo
349 3044 411 3105 mei
433 3063 568 3114 amorem
588 3045 807 3107 blandimentis
829 3045 1033 3128 persuadebo

593 3147 730 3210 Amici.

140 3228 227 3294 Haut
248 3231 460 3314 persuadebis.

532 3315 793 3380 Calimachus.

141 3403 265 3487 Quippe
286 3407 378 3466 vetar
400 3403 481 3467 fatis.

597 3502 734 3568 Amici.

140 3590 358 3674 Experiamur.

581 3679 735 3688 -—-.--—

526 3760 649 3825 Galim
660 3754 793 3824 achu's.

141 3865 249 3930 Sermo
271 3887 360 3928 meus
383 3865 423 3928 ad
445 3869 486 3942 te,
509 3865 673 3940 Drusiana,
696 3861 917 3945 praecordialis
939 3880 1032 3926 amor.

550 3967 727 4029 Drusian
738 3985 765 4028 a.
793 4051 795 4057 Ι

141 4070 222 4144 Quid
252 4091 373 4133 mecum
404 4070 492 4146 velis,
516 4068 707 4150 Calimaohe,
731 4068 924 4132 sermonibus
946 4086 1056 4149 agere,
1078 4065 1174 4138 ‚rehe-

139 4178 261 4238 menter
283 4175 426 4238 admiror.

782 4294 788 4305 ·
886 4253 965 4318 13*
