3122 4894
554 507 793 580 ...243-

568 689 778 771 Discipuli.

159 778 198 839 In
221 797 281 858 quo
304 778 426 839 constat
448 777 611 838 coelestis?

504 911 507 916 ·
545 878 807 958 Paphnutius.

159 983 200 1046 In
223 987 343 1064 septem
365 983 497 1064 planetis
520 981 604 1043 etin
627 981 755 1042 coelesti
776 980 916 1060 sphaera.
931 979 968 1061 ¹⁸)

570 1083 782 1164 Discipuli.

161 1171 346 1244 Quomodo?

549 1254 807 1336 Paphnuhus

160 1359 207 1421 Eo
229 1359 383 1433 videlicet,
407 1377 465 1438 quo
487 1357 549 1432 illa,
573 1374 651 1438 quae
673 1357 705 1417 in
726 1357 946 1432 instrumentis,
962 1357 1034 1437 quia
1054 1360 1101 1420 tot
1122 1375 1196 1438 spa-s

161 1463 214 1537 tia,
235 1480 327 1543 pares
349 1460 575 1542 productiones,
598 1460 726 1522 eaedem
751 1460 950 1541 symphoniae
972 1460 1192 1542 repperiuntur

163 1565 195 1624 in
217 1563 274 1639 his,
296 1581 376 1644 quae
399 1565 430 1624 et
451 1563 482 1623 in
505 1563 635 1623 chordis.
650 1561 688 1644 ¹4)

369 1745 371 1748 Ι
569 1664 782 1746 Discipuli.

162 1751 249 1822 Quid
270 1753 343 1814 sunt
364 1751 493 1833 spatia?

546 1853 803 1936 Paphnutius.

160 1958 384 2035 Dimensiones‚
416 1975 494 2038 quae
517 1961 719 2020 numerantur
740 1959 822 2020 inter
844 1959 994 2040 planetas,
1025 1957 1091 2022 siue
1111 1959 1193 2022 inter

162 2063 303 2125 chordae.

579 2147 788 2230 Discipuli.

160 2250 203 2313 nt
226 2250 300 2332 quid
326 2250 568 2332 productiones?

546 2353 809 2435 Paphnutius.

163 2455 263 2532 idem,
285 2457 369 2537 quod
389 2456 462 2519 toni

571 2540 786 2622 Discipuli.

165 2639 234 2708 Nec
256 2646 366 2707 horum
387 2643 495 2707 notitia
517 2664 573 2705 nos
594 2644 702 2724 tangit.
872 2707 878 2718 ,

430 2737 434 2746 ’
550 2746 814 2828 Paphnutius.

166 2849 270 2913 'l'onus
290 2851 325 2912 fit
340 2869 381 2911 ex
398 2849 516 2911 duobus
535 2850 617 2912 sonis
640 2851 672 2912 et
688 2851 827 2931 possidet
842 2847 993 2912 lationem
1014 2847 1145 2930 epogdoi
1158 2847 1196 2930 ¹⁵)

165 2954 287 3016 numeri
309 2953 376 3015 sive
398 2953 613 3035 sesquioctavi.

578 3053 788 3137 Discipuli.

169 3159 293 3230 Quanto
313 3159 452 3220 velocius
480 3158 658 3240 praeposita
685 3160 903 3239 investigando
925 3158 1093 3238 satagimus
1115 3159 1198 3219 tran·

172 3262 244 3338 sire,
265 3263 351 3324 tanto
375 3260 543 3323 difficiliora
564 3261 652 3323 nobis
674 3280 735 3322 non
759 3261 872 3323 desinis
895 3280 1059 3344 apponere.

553 3363 819 3445 Paphnutius.

168 3467 238 3530 Hoc
260 3467 360 3548 exigit
380 3467 555 3550 hujusmodi
577 3466 750 3547 disputatio.

581 3567 793 3650 Discipuli.

170 3671 318 3732 Edissere
349 3675 559 3734 summotenus
588 3672 812 3752 aliquantulum
844 3671 884 3732 de
916 3667 1114 3754 symphoniis,
1142 3685 1201 3750 quo

172 3775 274 3835 saltim
295 3773 427 3836 sciamus
450 3772 706 3855 significationem
727 3774 865 3836 nominis.
899 3823 903 3840 .

556 3876 821 3958 Paphnutius.

173 3973 363 4059 Symphonia
386 3979 498 4042 dicitur
518 3979 733 4041 modulationis
755 3981 979 4062 temperament
1033 4024 1040 4040 .

172 4097 327 4110 §at—*q

204 4141 240 4200 13)
253 4157 352 4254 ἔμω,
366 4144 583 4202 metamaucus.
614 4143 649 4202 m)
665 4146 778 4204 cordis,
791 4147 920 4202 M.‚ebemu
932 4151 1009 4190 nnleu·
1038 4148 1074 4204 15)
1084 4141 1204 4201 epochei,

278 4244 285 4259 .
301 4227 326 4256 u.
341 4215 367 4259 P.
926 4268 966 4333 16
982 4269 1000 4311 *
