3144 4888
788 487 833 500 -
872 439 939 517 186
981 485 1026 499 -

797 625 1008 688 Sieinnins.

389 714 547 813 Supplicia
567 713 630 793 non
651 729 784 793 metuis?
806 727 995 805 Admorebo,
1019 729 1101 810 qued
1122 729 1338 812 horrescie.¹‘)

826 831 985 896 Hirena.
1029 837 1032 844 '
1262 841 1264 846 '

388 934 543 1020 Quicquid
564 936 716 1018 irrogabis
739 937 872 1013 adversi,
895 936 1026 999 evadam
1043 936 1202 1018 juvamine
1225 934 1347 1000 Christi.

805 1040 1017 1104 Sisinnius.

390 1141 516 1207 Faciam
537 1146 568 1207 te
591 1144 631 1206 ad
652 1145 784 1228 lupanar
805 1144 877 1206 duci
899 1156 1077 1226 corpusque
1093 1145 1180 1206 tuum
1191 1144 1324 1227 turpiter
1339 1143 1424 1207 coin-

391 1247 520 1328 quinari.

824 1333 986 1395 Hir-ena.

389 1433 502 1496 Melius
531 1437 588 1512 est,
618 1438 653 1498 ut
681 1456 792 1519 eorpus
823 1437 1062 1518 quibuscumque
1091 1437 1210 1518 injuriis
1239 1438 1424 1512 maculetur,

391 1558 482 1621 quam
503 1539 604 1602 anima
625 1539 715 1602 idolis
738 1541 902 1623 polluatur.

391 1647 394 1656 '
801 1643 1013 1706 Sisinnius.
1110 1625 1116 1640 ⁸

389 1743 424 1808 ei
449 1747 533 1809 secla
554 1747 615 1808 eris
637 1748 847 1825 meretricum,
870 1767 931 1810 non
953 1747 1070 1830 poteris
1091 1747 1210 1830 polluta
1236 1748 1319 1810 ultra
1340 1747 1426 1810 intra

390 1849 627 1912 contubernium
650 1852 820 1934 computari
838 1851 1003 1931 virginum.

826 1953 987 2017 Hirena.
1080 1989 1084 1998 ·

392 2054 544 2136 Voluptas
567 2056 650 2136 parit
670 2075 815 2138 poenam,
844 2057 1015 2122 necessitas
1047 2063 1151 2122 autem
1180 2077 1332 2136 eoronam,
1365 2079 1427 2122 nec

393 2158 505 2220 dicitnr
526 2160 641 2238 reatus,
663 2161 722 2221 nisi
745 2162 826 2243 quod
849 2162 1002 2226 eonsent't
1023 2162 1151 2226 animus.

802 2263 1014 2328 Sisinnius.

391 2367 523 2437 Frustra
544 2369 718 2450 parcebam,
740 2369 856 2431 frustra
877 2369 1047 2432 miserebar
1068 2368 1160 2450 hujus
1181 2368 1338 2431 infantiae.

824 2472 990 2536 Milites.

392 2573 636 2655 Praescivimus'3
659 2571 836 2640 nullatenus
853 2579 892 2638 ad
905 2579 1032 2639 deorum
1050 2577 1201 2638 culturam
1215 2577 1318 2659 potest
1332 2575 1425 2652 flecti,

392 2697 451 2740 nec
472 2681 592 2741 terrore
614 2700 760 2762 umquam
781 2684 884 2764 potest
906 2682 1019 2761 frangi.

809 2784 1021 2846 Sisinnius.

393 2882 463 2953 Non
485 2887 568 2949 ultra
589 2905 722 2969 paream.

824 2972 990 3034 Milites.

394 3057 535 3120 Rectum.

798 3141 1015 3206 Sisinnius.

396 3245 502 3327 Capite
525 3245 609 3306 illam
631 3246 697 3307 sine
718 3246 915 3310 miseratione
938 3250 978 3321 et,
1008 3247 1167 3311 trahentes
1196 3267 1266 3312 cum
1294 3246 1426 3311 crudeli·
1457 3257 1466 3271 ’

394 3350 468 3424 tate,
492 3347 593 3411 ducite
616 3349 657 3410 ad
678 3351 809 3432 lupanar
832 3352 899 3412 sine
921 3353 1054 3414 honore!
1551 3333 1552 3344 ἵ

826 3455 993 3518 Hircna.

394 3555 465 3622 Non
486 3557 669 3640 perducent.

808 3661 1023 3724 Sisinnius.

397 3765 475 3838 Quis
497 3765 662 3848 prohibere
684 3764 873 3848 paternae)

520 3893 531 3902 ”
829 3869 993 3930 Hirena.

397 3971 628 4044 acimundum
650 3971 698 4035 sui
719 3971 915 4057 prouidentia
936 3971 1027 4052 regit.

423 4176 460 4230 dt]
475 4178 646 4232 horresces,
662 4177 685 4219 c.
702 4190 723 4224 ιι,
740 4175 762 4218 S.
779 4175 864 4232 (Retia)
891 4174 929 4229 35)
943 4178 1053 4230 potest,
1069 4174 1092 4219 (l.
1107 4185 1129 4216 n.
1144 4172 1166 4216 S.
1180 4173 1277 4230 (neam.)
