3122 4894
777 522 1014 588 ..206-

778 697 997 760 Iohannes

377 801 403 864 Ο
426 800 556 876 Christe,
578 801 685 862 mundi
706 800 876 880 redemptio
897 803 929 860 et
949 800 1149 880 peccatorum
1170 801 1358 881 propitiatio,
1369 801 1414 884 ⁴³)

377 906 517 985 qualibus
539 905 666 966 laudum
697 902 870 985 praeconiis
902 905 935 964 te
965 903 1060 963 talem
1093 903 1257 976 celebrem,
1291 904 1413 982 ignoro.

375 1006 527 1088 Expaveo
548 1007 595 1068 tui
615 1007 782 1086 benignam
803 1004 998 1066 elementiam
1027 1005 1060 1065 et
1087 1005 1271 1068 clementem
1291 1007 1413 1086 patiere

374 1111 457 1188 tiam,
481 1111 533 1190 qui
553 1113 719 1191 peccantes
748 1127 831 1168 nunc
859 1111 990 1188 paterno
1010 1127 1096 1168 more
1126 1109 1288 1170 tolerando
1325 1111 1413 1170 blan·

376 1213 640 1296 diris,nunojusta
651 1212 818 1274 severitate
830 1210 1010 1290 castigando
1024 1211 1064 1270 ed
1080 1210 1302 1292 poenitentiam
1316 1213 1413 1292 cogis.

742 1313 1041 1375 Andronichus.

376 1416 459 1478 Laus
482 1418 550 1500 ejus
572 1418 694 1480 divinae
716 1417 831 1498 pietati.

757 1519 777 1580 J
786 1517 1025 1599 ohannes.⁴⁴)

378 1622 457 1696 Quis
469 1624 599 1686 auderet
615 1623 753 1697 credere,
766 1619 876 1702 quisve
888 1623 1102 1704 praesumeret
1113 1640 1250 1702 sperare,
1273 1625 1308 1683 ut
1319 1623 1412 1698 hunc,

377 1747 469 1807 quem
491 1726 661 1788 criminosis
682 1727 834 1787 intentum
856 1725 940 1786 vitiis
961 1723 1174 1786 morsinvenit
1197 1727 1229 1785 et
1250 1725 1412 1786 inventum

380 1831 515 1905 abstulit,
537 1830 584 1890 tui
605 1829 760 1890 miseratio
784 1829 823 1888 ed
846 1828 942 1888 vitam
964 1827 1111 1902 excitare,
1134 1827 1320 1888 adveniam
1343 1829 1411 1907 dig-

377 1935 505 1994 naretur
524 1934 696 2012 reparare?
742 1930 788 1992 Sit
809 1949 920 1992 nomen
942 1931 1030 1990 tuum
1052 1932 1193 1991 sanctum
1213 1930 1412 1992 benedictum

382 2035 414 2098 in
440 2032 627 2115 saccula,⁴⁵)
649 2034 701 2114 qui
723 2034 806 2094 solus
830 2032 906 2092 facis
928 2034 1082 2112 stupenda
1102 2033 1269 2096 mirabilia!

745 2134 1042 2196 Andronichus.

377 2239 445 2320 Eja,
469 2241 575 2300 sancte
599 2238 766 2313 Johannes,
801 2241 833 2298 et
853 2257 903 2297 me
937 2238 1089 2298 consolari
1117 2258 1157 2298 ne
1189 2239 1312 2317 tardos,
1339 2259 1412 2300 nam

380 2342 552 2423 conjugalis
584 2361 668 2402 amor
697 2341 869 2402 Drusianae
901 2359 1001 2400 meam
1022 2341 1099 2402 haut
1131 2341 1247 2422 pat'tur
1275 2346 1412 2403 mentem

382 2446 562 2522 consistere,
570 2446 630 2508 nisi
643 2449 675 2508 ct
686 2445 784 2526 ipsam
795 2443 975 2524 quantocius
983 2443 1106 2522 videam
1116 2447 1344 2514 ressurrectum
1354 2446 1411 2509 irs.

782 2549 999 2610 Johannes

375 2651 538 2728 Drusiana,
560 2651 727 2714 resuscitet
747 2653 778 2712 te
800 2650 947 2712 Dominus
970 2649 1063 2712 Jesus
1086 2647 1236 2712 Christus.

383 2819 385 2823 ,
784 2754 996 2816 Drusiana.
1049 2769 1052 2774 “

376 2856 459 2920 Laus
482 2860 514 2922 et
535 2858 632 2920 honor
654 2857 710 2919 tibi
731 2854 863 2932 Christe,
885 2856 938 2937 qui
958 2875 1008 2918 me
1030 2855 1132 2918 fecisti
1153 2855 1352 2918 reviviscere.

755 2957 1018 3020 Calimaohus.

376 3061 538 3144 sospitatis
560 3061 678 3124 auctori
698 3063 815 3141 grates,
837 3063 890 3140 qui
907 3064 948 3136 te,
970 3080 1038 3122 mea
1049 3062 1213 3138 Drusiana,
1235 3082 1407 3142 resurgere

376 3165 461 3225 dedit
477 3165 509 3224 in
530 3164 655 3238 laetitia,
675 3182 754 3244 quae
777 3164 867 3242 gravi
890 3183 960 3226 cum
980 3165 1107 3228 tristitie
1129 3166 1178 3228 die
1190 3165 1231 3247 ⁴⁰)
1253 3165 1406 3246 fungeba-

374 3265 417 3326 ris
441 3267 590 3328 extrema

781 3352 994 3432 Drusiana.

373 3454 473 3518 Decet
495 3453 540 3516 tui
561 3455 764 3533 sanctitatem,
786 3455 966 3518 venerande
988 3460 1077 3537 peter
1097 3453 1264 3534 Johannes,
1287 3459 1331 3532 ut,
1355 3476 1405 3518 re-

374 3559 522 3622 suscitato
545 3557 727 3635 Oelimacho,
751 3559 803 3640 qui
824 3580 872 3621 me
900 3559 1015 3621 inlicite
1042 3560 1166 3637 amavit,
1189 3562 1221 3622 et
1249 3561 1331 3622 hunc
1354 3581 1405 3622 re-

374 3663 513 3738 suscites,
543 3662 596 3745 qui
616 3663 676 3724 mei
697 3663 835 3745 proditor
857 3661 975 3724 funeris
999 3663 1111 3724 extitit.

755 3779 1021 3844 Galimaohus.

373 3886 422 3950 Ne
443 3886 571 3966 dignum
592 3885 695 3961 ducas,
707 3882 821 3946 Christi
843 3885 990 3966 apostole,
1006 3886 1089 3947 huno
1100 3885 1297 3968 proditorem,
1320 3885 1405 3947 huno

400 4087 438 4148 dd)
454 4089 485 4133 Μ.
499 4090 538 4134 hot
551 4086 620 4142 nieht,
635 4088 677 4130 wtc
691 4086 737 4141 ΜΕ.
752 4087 827 4140 metm,
843 4087 1030 4142 propinatio,
1043 4101 1062 4132 ι.
1080 4101 1102 4142 p.
1114 4087 1229 4132 lassum
1239 4100 1259 4130 s.
1286 4085 1324 4143 dd)
1340 4087 1354 4128 J
1361 4085 1404 4132 ot.

451 4159 509 4202 fehlt
524 4162 546 4202 in
559 4159 591 4201 Μ.
607 4171 629 4200 u.
643 4158 668 4199 P.
694 4151 1074 4212 ts)tnsecutouen2a.‚c.u.s
1101 4158 1278 4214 asJote,u.;
1294 4157 1404 4200 dutist

450 4229 489 4282 ait,
504 4229 572 4282 nicht,
585 4227 627 4269 wie
640 4226 687 4280 Mg.
701 4227 757 4281 negt,
772 4236 817 4266 von
833 4224 872 4266 der
887 4225 951 4267 Hand
966 4225 1005 4267 des
1019 4225 1103 4272 celtes.
