3144 4888
7 4107 11 4230 l

574 485 829 556 ...153-

577 660 832 726 Gallicanus.

176 749 297 814 Bonum
320 747 480 812 consilinm
505 749 642 828 mihique
664 769 756 830 quam
776 747 911 812 maxime
933 749 1090 832 placitur.

552 849 850 914 Constantinus.

179 937 304 1002 Scilicet
315 939 361 1000 tui
375 938 454 1000 filias
469 955 581 1000 secum
590 957 683 1026 versa
694 939 763 1002 vioe
775 939 933 1004 desiderat
943 939 1067 1003 interim
1077 958 1218 1002 mansum

182 1041 238 1116 ire,
258 1041 400 1123 quatinus
411 1042 452 1122 2⁰)
474 1041 599 1104 illarum
617 1061 674 1122 per
693 1043 887 1106 sodalitatem
907 1043 964 1107 tibi
981 1043 1036 1107 fiat
1052 1044 1215 1126 morigera.
1281 1025 1289 1040 ,

574 1141 816 1220 Gallicanus,

177 1227 279 1306 Evax,
300 1228 409 1292 Evax!
436 1227 546 1292 Omnia
568 1231 646 1292 meis
667 1231 857 1313 respondent
877 1230 967 1295 votis.

552 1317 855 1398 Constantinus.

175 1416 249 1492 Fae,
270 1419 306 1478 ut
328 1417 534 1480 adducantur
556 1419 654 1480 citius.

553 1485 857 1602 calumum)

178 1603 282 1682 Stabis,
315 1605 457 1668 milites?
488 1605 625 1683 Currite,
655 1609 751 1685 abite,
781 1605 925 1671 adducite
953 1606 1031 1669 filias
1061 1607 1102 1668 ad
1131 1608 1219 1669 obse-

113 1729 121 1744 ·
179 1708 282 1790 quium
303 1708 351 1772 sui
374 1707 528 1773 dominae.

179 1981 299 2044 Assunt
317 1981 456 2044 illustres
480 1897 783 2060 Gallicanihdddaeeffn
800 1987 872 2046 tuae
896 1983 1111 2061 famliaritati,
1140 1985 1217 2047 bora

183 2083 375 2161 Constantia,
398 2104 453 2165 pro
477 2085 524 2146 sui
546 2086 791 2166 pulchritudinis,
810 2087 980 2169 sapientiae
1004 2089 1035 2150 et
1055 2088 1217 2170 probitatis

183 2187 408 2270 perspicuitate
432 2187 505 2248 satis
528 2189 680 2270 aptasse)

576 2289 823 2353 Constantia.

180 2393 306 2470 Placet,
339 2392 628 2474 introducanturu)
658 2394 841 2454 honorilice!
878 2393 1007 2456 Amator
1028 2395 1218 2474 virginitatis

185 2500 217 2558 et
239 2496 405 2577 inspirator
427 2497 586 2570 castitatis,
603 2493 733 2569 Christe,
752 2496 804 2576 qui
825 2515 882 2570 me,
904 2497 1048 2578 precibus
1071 2497 1217 2579 martyris

185 2603 259 2661 tuae
281 2599 415 2678 Agnetis
438 2618 456 2659 a
476 2599 565 2679 lepra
592 2599 710 2678 pariter
739 2599 877 2678 corporis
908 2602 939 2660 et
968 2602 1006 2660 ab
1030 2613 1136 2660 errore
1159 2601 1218 2660 eri-

183 2703 272 2782 piens
293 2701 489 2780 gentilitatis,
512 2700 650 2762 invitasti
672 2701 711 2760 ad
731 2701 906 2780 virgineum
918 2700 960 2782 ²⁴¹)
982 2703 1028 2763 tui
1050 2699 1217 2764 Genitricis

184 2804 364 2878 thalamum,
394 2803 426 2863 in
457 2822 517 2882 quo
546 2805 581 2864 tu
609 2804 791 2864 manifestus
821 2823 855 2863 es
884 2823 978 2864 verus
1001 2804 1102 2879 Deus,
1132 2808 1216 2867 retro

187 2906 349 2968 exordium
378 2909 470 2967 natus
493 2924 512 2965 a
532 2905 599 2966 Deo
621 2905 731 2980 Patre,
759 2905 902 2985 idemque
918 2892 960 2988 ²⁵)
993 2925 1087 2968 verus
1117 2907 1215 2983 homo,

190 3027 232 3068 ex
252 3007 355 3068 Matre
385 3010 476 3069 natus
506 3008 538 3068 in
567 3009 721 3088 tempore,
755 3010 802 3084 te,
831 3027 939 3068 veram
969 3010 1000 3069 et
1022 3011 1217 3071 coaeternam

181 3109 268 3172 Patri
298 3111 495 3191 sapientiam,
528 3130 585 3191 per
614 3128 706 3190 quam
734 3111 816 3172 facta
845 3114 918 3172 sunt
945 3111 1045 3172 omnia
1075 3115 1107 3174 et
1129 3115 1216 3194 cujus

183 3213 383 3293 dispositione
406 3213 578 3274 consistunt
599 3215 632 3274 et
645 3214 844 3276 moderantur
863 3215 1018 3291 universa,
1035 3216 1216 3297 suppliciter

186 3335 292 3390 exoro,
314 3318 350 3378 nt
372 3313 574 3390 Gallicanum,
598 3315 650 3394 qui
671 3315 717 3375 tui
738 3315 770 3376 in
792 3337 841 3377 me
864 3336 1000 3379 amorem
1022 3319 1214 3398 surripiendo

185 3420 315 3479 conatur
331 3418 525 3498 extinguere,
541 3419 612 3498 post
630 3422 661 3478 te
676 3419 828 3478 trahendo
851 3421 888 3478 ab
910 3418 1025 3498 injusta
1046 3420 1216 3482 intentione

184 3540 334 3583 revocare
357 3521 465 3601 suique
495 3522 574 3582 filias
604 3521 741 3600 digneris
764 3521 820 3582 tibi
842 3521 1003 3598 assignare
1025 3539 1163 3601 sponsas,
1186 3531 1217 3584 et

182 3624 298 3685 instilla
321 3623 557 3702 cogitationibus
580 3611 686 3684 earum
715 3623 760 3684 tui
782 3615 893 3684 amoris
917 3623 1119 3697 dulcedinem,
1143 3643 1216 3702 qua·

181 3727 265 3787 tinus
289 3729 473 3787 execrantes
497 3726 620 3787 carnale
644 3725 838 3801 consortium,
855 3724 1020 3807 pervenire
1037 3729 1217 3787 mereantur

187 3829 226 3890 ad
251 3847 409 3890 sacrarum
431 3829 611 3890 societatem
633 3829 797 3908 uirginum.

207 3981 246 4032 ²⁰³
260 3976 1214 4086 artarerainauesaan'cancromata

207 4084 246 4136 ²³³
260 4080 290 4173 1⁵2
304 4080 552 4184 latinitati
561 4081 706 4172 inluta
715 4080 762 4176 lt
773 4081 1018 4188 litlluttttltl
1034 4085 1118 4178 timii
1130 4083 1215 4176 tlt?

261 4146 328 4238 dem,
341 4183 364 4228 S.
391 4186 429 4237 25)
444 4185 545 4238 idemque
560 4145 807 4240 que,M.,nt'stin⁸1³.
823 4185 957 4240 gestrleben.
991 4164 996 4177 ⁸
1062 4140 1073 4190 )
1181 4147 1194 4188 g
