3144 4888
561 461 800 532 -105-

170 637 244 704 215.
259 639 298 702 ln
321 637 390 721 quie
411 639 573 723 peceatum
593 639 699 722 lapsus
723 638 849 702 deflevit
870 655 1017 715 amarum,

255 743 382 806 Invenit
402 745 526 818 laetum,
549 763 640 824 quem
662 743 809 806 credebat
830 743 897 805 iore
919 745 1079 818 moestum,

254 847 296 910 Et
318 867 387 916 cum
409 847 556 932 laetitiam
578 848 743 910 miraretur
765 847 824 909 sibi
845 865 956 922 caram,

254 950 412 1026 Peccator,
435 949 569 1010 lacrimis
587 951 652 1031 jam
672 950 836 1012 mundatus
858 952 937 1011 bene
958 948 1056 1029 largis
1161 997 1167 1010 .

255 1052 297 1118 Et
318 1056 422 1114 certus
444 1053 565 1127 veniae,
588 1057 694 1115 sancto
717 1053 847 1126 dicebat,
871 1053 1035 1114 amandae:

169 1153 242 1218 220.
258 1135 376 1238 „Spero
399 1156 530 1236 quidem,
551 1175 610 1237 per
631 1160 663 1220 te
684 1177 733 1218 me
756 1156 879 1232 calveni,
901 1157 990 1237 pater
1012 1155 1101 1231 alme,

257 1258 315 1334 „In
338 1259 451 1319 somnis
473 1259 545 1338 quia
567 1261 599 1322 te
619 1257 683 1320 vidi
704 1261 859 1321 luctamen
881 1259 959 1320 inira

256 1361 336 1437 „Pro
356 1381 406 1422 ma
430 1381 499 1422 cum
520 1381 615 1423 naevo
636 1381 756 1424 necnon
778 1366 923 1444 serpente
945 1361 1089 1442 maligno,

258 1464 378 1540 „Quem
399 1467 434 1525 to
455 1465 558 1526 vicisti
579 1466 678 1527 sainte
700 1465 817 1528 virtute
839 1471 1003 1548 superna.“

298 1565 435 1628 Auribus
456 1567 583 1630 intentis
604 1572 640 1630 ut
661 1569 758 1630 sensit
778 1572 876 1631 verba
897 1568 1050 1648 loquentis

169 1665 242 1731 225.
256 1669 405 1744 Antiates,
427 1670 551 1731 laudem
573 1669 688 1732 Christi
710 1672 821 1732 cecinit
842 1665 958 1752 pietati,

258 1771 469 1853 Extroxitqne
490 1774 557 1835 loeo
581 1775 695 1855 captivi
715 1777 852 1836 membra
873 1774 989 1854 nigello

257 1873 299 1937 Et
320 1876 403 1936 locat
424 1876 456 1936 in
478 1877 602 1956 propria
623 1878 722 1938 noetis
745 1881 803 1939 snb
825 1881 964 1958 tempore
987 1875 1075 1950 cella,

257 1977 345 2048 Quae
368 1978 426 2040 fnit
448 1979 598 2040 ecclesiae
619 1981 710 2042 lateri
732 1983 896 2062 conjuncta
917 1981 1067 2054 sacratae,

257 2079 326 2142 Illic
348 2087 380 2142 et
400 2081 522 2162 plebem
541 2081 635 2162 jussit
656 2084 738 2144 coire
760 2084 891 2160 fidelem,

169 2181 244 2246 230.
260 2183 304 2247 Ut
324 2183 441 2268 pariter
462 2185 598 2266 preculis
620 2189 840 2266 pernoctarent
861 2185 1015 2257 studiosis,

260 2287 329 2356 Quo
351 2289 449 2348 bonus
472 2291 628 2351 errantem
650 2311 706 2371 per
729 2292 907 2351 consuetam
928 2289 1076 2370 pietatem

256 2390 367 2451 Pastor
391 2409 480 2451 ovem
500 2393 610 2456 turmis
631 2393 748 2474 proprii
766 2394 923 2474 junxisset
944 2389 1042 2453 ovilis.

257 2492 352 2555 Ortus
376 2513 505 2574 cumque
528 2495 634 2574 nigras
657 2497 754 2557 noctis
778 2496 823 2556 eol
846 2494 966 2575 expulit
987 2494 1119 2565 umbrae,

256 2596 376 2658 Dextra
397 2598 549 2680 praedicti
570 2617 761 2680 comprensa,
783 2598 917 2679 praesul,
939 2594 1075 2668 homulli,

170 2695 243 2760 235.
255 2699 357 2760 Intrat
377 2701 408 2760 in
431 2702 602 2776 ecelesiam,
626 2721 731 2762 secum
744 2721 863 2782 quoque
887 2701 1021 2761 duxerat
1042 2699 1152 2780 ipsum.

129 2837 151 2880 ι
257 2802 300 2867 Ut
320 2803 414 2864 limen
437 2805 533 2864 sacris
555 2805 658 2883 tetigit
679 2805 859 2865 venerabile
880 2803 1003 2884 plantis,

258 2903 493 2968 Affuit'ineidiie
515 2909 640 2969 latitans
663 2909 741 2968 clam
763 2907 891 2968 daemon
915 2905 1025 2966 amaris

256 3009 458 3090 Attraxitqne
480 3011 581 3072 virum
602 3030 716 3090 magna
739 3011 770 3071 vi
793 3011 925 3091 deniqne
948 3028 1080 3081 sursum,

255 3113 344 3174 Illius
366 3117 491 3195 arrepta
513 3117 634 3176 secreta
656 3115 767 3175 fraude
790 3115 923 3175 sinistra.

167 3214 240 3278 240.
255 3217 305 3278 Ad
328 3237 420 3296 quem
441 3217 584 3292 Basilina,
608 3217 679 3277 sorti
701 3217 894 3278 mandamine
917 3217 1057 3276 functus:

298 3320 450 3400 „Inprobe
474 3321 532 3395 fur,
555 3320 640 3399 regis
663 3321 814 3380 facturam
836 3320 933 3379 redde
956 3316 1101 3399 perennis

255 3421 315 3497 „Et
337 3424 419 3484 furto
442 3425 562 3503 raptam
583 3424 684 3484 victus
708 3422 767 3483 cito
791 3422 900 3481 desere
922 3421 1105 3501 praedam!“

255 3523 311 3586 Cui
333 3545 406 3586 mox
429 3526 595 3586 communie
618 3528 797 3587 cunctorum
819 3524 943 3584 dixerat
964 3520 1069 3593 hostis,

253 3628 416 3689 Pervereis
438 3647 553 3690 vacuas
575 3630 706 3710 implens
728 3627 890 3688 latratibus
913 3641 1020 3684 auras:

166 3729 241 3798 245.
257 3731 340 3808 „Cur
362 3734 480 3813 satagis
502 3735 660 3815 proprium
682 3733 819 3794 mihimet
841 3731 873 3793 vi
895 3730 1008 3792 tollere
1032 3745 1166 3800 servum,

170 3890 377 3900 *—

193 3969 239 4014 22⁰.
255 3970 482 4025 pnr[i]ternime‚
498 3969 528 4015 M.
544 3984 566 4012 ιι.
580 3972 604 4016 Ρ.
631 3973 677 4015 219.
696 3969 829 4021 dietrici,
858 3968 882 4010 C.
897 3981 918 4008 n.
934 3965 956 4008 S.
990 3965 1037 4008 2¹28.
1059 3959 1199 4010 eoninne·

260 4044 297 4092 te,
315 4040 345 4080 Μ.
360 4053 380 4080 u.
396 4041 421 4084 P.
455 4042 501 4082 2¹29«
521 4043 634 4094 occire,
650 4041 693 4096 Μ;
716 4040 738 4080 in
761 4039 786 4082 P.
804 4040 832 4078 iet
846 4037 885 4078 das
903 4049 915 4078 e
936 4031 1131 4088 durehgertrlchen
1154 4029 1199 4072 und

258 4113 313 4151 niati
333 4110 413 4150 deenen
431 4108 480 4150 dem
498 4109 569 4158 jussit
588 4112 626 4151 ein
644 4121 687 4162 qne
706 4108 840 4162 arigeiriingt.
886 4107 932 4149 ¹236.
947 4105 990 4157 Et,
1020 4102 1088 4146 M.u.
1103 4102 1142 4160 Ρ.;
1163 4100 1200 4144 ein

257 4180 356 4223 intuebor
371 4179 575 4222 {nitiaibueirstnte
602 4179 786 4231 diacoposin,
801 4175 871 4231 1².,c.
887 4187 909 4214 n.
923 4173 946 4219 S.
