3080 4892
559 489 797 563 *285-

611 667 743 733 Fides.
778 685 783 701 ¹

156 773 233 838 Dixi
253 775 286 836 et
307 773 375 838 dico
398 773 572 854 dicamque,
594 773 738 852 quamdiu
762 774 882 836 uixero.

559 875 794 940 Antiochus.
874 932 884 952 ,

156 981 263 1043 Breve
285 981 407 1061 tempus
429 978 547 1053 uivere,
571 981 603 1040 ct
626 983 685 1044 cito
708 980 803 1041 debes
826 981 963 1042 consumi
986 984 1093 1043 morte.

613 1082 746 1145 orces.
822 1063 826 1072 ’

156 1185 230 1248 Hoc
252 1188 332 1268 opto,
356 1187 391 1246 ut
413 1184 527 1246 moriar
547 1185 579 1246 in
602 1183 732 1248 Christo.

551 1288 793 1351 Hadrianus.

159 1393 328 1454 Duodecim
361 1392 556 1454 centuriones
591 1391 771 1460 alternando
805 1393 946 1455 scindant
982 1392 1089 1473 flagris
1125 1394 1193 1476 ejus

159 1497 303 1559 membra
654 1563 655 1570 χ
953 1549 966 1562 ,,

441 1613 458 1664 '.
556 1580 790 1645 Antiochus.
848 1653 851 1658 ,
891 1621 893 1626 ,
1034 1656 1036 1668 1
1177 1659 1179 1671 Ι

157 1666 226 1729 Nee
246 1667 368 1748 injurio.
1046 1663 1048 1673 '
1157 1663 1159 1671 '

549 1750 788 1830 Hadrianus.

159 1845 186 1918 'O
210 1855 369 1918 fortissimi
392 1855 604 1933 centuriones,
634 1855 772 1918 accedite
800 1857 921 1938 meique
951 1855 1095 1939 injuriam
1125 1857 1192 1920 vin·

159 1960 270 2022 dicate.

278 2111 281 2116 Δ
557 2043 791 2108 Antiochus.

160 2131 292 2196 Justum.
847 2143 849 2146 '

553 2217 796 2280 Hadrianus.

161 2321 325 2402 Perquire,
346 2321 507 2398 Antioche,
531 2339 611 2383 anne
632 2322 710 2383 velit
732 2323 853 2383 cedere.

553 2424 790 2505 Antiochus.
834 2453 837 2460 ·

159 2529 231 2590 Vin’
253 2527 363 2604 adhuc,
385 2527 488 2604 Fides,
517 2528 608 2592 solita
635 2526 843 2590 conviciorum
864 2528 1036 2610 objectione
1057 2525 1188 2610 impero·

159 2635 259 2694 torem
281 2632 512 2694 dehonestare?

605 2734 737 2796 Fides.

30 2819 36 2832 ”
160 2819 222 2884 Gur
244 2822 334 2884 solito
355 2820 480 2884 minus?

563 2907 799 2970 Antiochus.

161 3011 241 3083 Quia
262 3011 435 3094 prohiberis
456 3011 647 3074 verberibus.

610 3115 684 3176 Fid
695 3135 712 3175 e
721 3133 744 3175 s.

160 3215 304 3280 Verbera
332 3237 394 3280 non
427 3219 606 3300 conpellunt
633 3220 827 3294 mutescere,
861 3216 932 3300 quia
959 3217 1044 3282 nullo
1074 3216 1192 3281 afficior

161 3321 275 3384 dolore.

554 3406 794 3470 Antiochus.

162 3504 188 3576 Ο
214 3510 326 3572 infelix
347 3508 527 3592 pertinacia,
550 3527 568 3572 o
590 3512 757 3573 contumax
777 3508 921 3570 audaciai
997 3528 999 3535 ·

553 3628 795 3693 Hadrianus.
1138 3717 1140 3724 Ι
1165 3715 1168 3720 ¹

163 3732 281 3817 Corpus
304 3735 420 3798 fatiscit
441 3755 498 3818 per
520 3733 679 3818 supplicio,
703 3739 737 3796 ct
757 3753 847 3796 mens
868 3733 967 3795 tumet
988 3731 1141 3815 superbia.

615 3855 742 3917 Fides.

160 3953 267 4034 Erras,
287 3956 456 4034 Hadriane,
479 3956 505 4019 si
526 3959 614 4036 reris,
637 3980 687 4021 me
709 3919 1026 4042 fatigari'supplioiie
1047 3980 1108 4023 non
1132 3981 1191 4042 ego

163 4062 295 4142 quidem,
324 4063 393 4132 sed¹
408 4062 519 4124 infirmi
547 4065 679 4128 tortores
705 4063 856 4150 «deficiunt
878 4065 910 4125 et
931 4062 1044 4125 sudore
1067 4065 1104 4127 ob
1128 4065 1188 4129 las-

162 4166 327 4230 situdinem
349 4166 456 4230 fluunt
