3144 4888
743 439 981 516 -1‘10-

435 623 512 708 Ejus
533 625 730 707 perciperent
750 626 832 687 mitis
853 643 963 687 munus
984 626 1117 706 pietatis,

436 728 665 808 Admonuitque
687 731 804 804 crebro,
826 729 904 790 nulli
926 729 1040 790 debere
1061 729 1172 808 negari

437 830 531 912 Spem
551 831 672 905 reniae,
694 831 851 913 proprium
871 833 969 892 vellet
991 831 1018 891 si
1039 831 1115 892 flere
1136 836 1266 894 reatum

375 933 426 996 60.
440 933 511 1008 Sed,
535 934 588 1013 qui
608 933 752 994 tristitiae
775 935 893 995 studuit
915 939 1020 1016 sprota
1042 936 1166 1015 pietate,

436 1037 463 1098 E
486 1041 593 1097 contra
614 1037 762 1097 frendens
785 1037 946 1116 cordisque
968 1037 1072 1099 furore
1094 1041 1267 1114 tabescens,

436 1140 589 1222 Apposuit
609 1139 729 1200 miseris
751 1139 836 1198 duris
858 1140 1042 1200 maledicere
1064 1143 1178 1215 verbis,

436 1243 626 1316 Protestuns,
650 1242 719 1302 illos
740 1244 851 1302 neutra
873 1242 983 1320 dignos
1006 1243 1073 1303 fore
1096 1245 1169 1319 vita,

439 1345 501 1416 Qui
521 1345 640 1406 vixisse
662 1343 728 1404 Deo
748 1345 1028 1425 praesumpsissent
1050 1346 1115 1405 sine
1138 1365 1222 1407 vero.

378 1446 428 1510 65.
442 1448 511 1509 Hac
533 1451 596 1508 tam
617 1447 756 1509 tristifica
777 1447 901 1506 tandem
922 1448 1041 1508 ratione
1063 1453 1198 1529 peracta,

437 1551 543 1612 Mente
566 1551 641 1611 satis
663 1549 743 1610 tristi
765 1550 918 1629 componit
938 1553 1074 1611 membra
1097 1553 1201 1631 quieti.

438 1654 505 1716 Nec
527 1672 621 1729 mora,
642 1655 842 1727 monstratur,
865 1655 957 1714 coelis
979 1654 1024 1714 illi
1045 1656 1216 1735 patefactis,

436 1758 533 1830 Virrio,
555 1775 633 1836 quae
655 1757 767 1816 fluctus
789 1755 881 1816 animi
903 1758 1090 1836 compescuit
1113 1760 1187 1839 ejus.

442 1859 566 1922 Scilicet
587 1859 804 1933 Altithronum,
825 1858 901 1918 miro
923 1860 1087 1940 splendore
1110 1879 1279 1935 coruscum,

374 1961 423 2027 70.
438 1963 568 2024 Viderat
590 1962 738 2041 angelicis
761 1965 882 2042 septum
903 1962 1040 2022 residere
1061 1963 1217 2038 ministris,

437 2065 484 2127 De
507 2067 652 2145 coeloque
674 2085 784 2143 rogum
804 2065 915 2145 raptim
937 2065 1127 2126 descendere
1149 2085 1303 2146 magnum,

437 2168 501 2230 Ceu
523 2169 603 2228 foret
626 2167 755 2228 emissus
777 2169 928 2228 scelerum
949 2167 1067 2228 vindex
1089 2169 1266 2248 aliquorum.

438 2270 520 2332 Hinc
542 2273 643 2332 terras
665 2269 760 2330 oculis
782 2290 905 2331 rursum
926 2271 1085 2332 lustrando
1107 2272 1242 2347 reflexis,

436 2373 635 2436 Horrendum
655 2375 812 2434 baratrum
834 2374 996 2454 conspexit
1017 2373 1103 2434 hiare
1126 2375 1278 2451 deorsum,

374 2475 424 2541 75.
441 2478 603 2557 Anguibus
625 2477 791 2557 impletum,
803 2477 897 2537 variis
919 2477 1088 2558 poenisque
1110 2479 1274 2556 refertnm3

441 2581 542 2662 Supra
564 2581 645 2660 quod
667 2580 771 2640 miseri
792 2580 905 2660 plantis
927 2579 1119 2659 lapsantibus
1140 2581 1185 2642 illi

437 2683 619 2745 Haerebant
641 2703 725 2762 ergo,
740 2684 850 2744 flentes
870 2683 902 2742 in
923 2681 1014 2743 litore
1036 2703 1168 2761 summo;

438 2786 568 2866 Egressi
590 2805 710 2866 quoque
733 2787 903 2865 serpentes,
925 2785 994 2846 illos
1017 2788 1199 2864 cruciantes,

438 2887 599 2967 Cogebant
620 2907 724 2948 secum
745 2891 902 2950 baratrum
924 2893 1089 2969 penetrare
1112 2891 1305 2971 profundum.

374 2989 425 3053 80.
444 2991 512 3061 Quo
533 2991 609 3066 viso,
632 2989 760 3072 Carpus,
782 2993 897 3072 majore
921 2993 1026 3053 furore
1048 2995 1195 3074 repletus,

440 3094 550 3168 Deflet,
574 3094 655 3174 quod
676 3095 780 3154 miseri
801 3114 862 3154 non
885 3098 990 3156 essent
1012 3097 1212 3178 praecipitati,

439 3197 586 3276 Voceque
609 3198 737 3258 confusa
757 3217 880 3258 rursum
901 3201 1047 3279 repetens
1069 3199 1242 3273 maledicta,

442 3300 485 3363 Ut
507 3299 611 3360 divina
632 3319 719 3373 reos,
743 3304 817 3375 orat,
840 3320 912 3362 mox
933 3301 1008 3362 altio
1028 3303 1147 3382 perdat.

443 3401 582 3477 Dixerat,
606 3404 638 3464 et
660 3402 761 3480 Jesus,
784 3403 873 3464 solita
895 3404 1011 3485 pietate
1033 3406 1193 3484 benignus,

376 3502 425 3568 85.
442 3506 489 3568 De
511 3525 628 3567 summo
653 3506 731 3567 coeli
753 3507 828 3567 solio
850 3511 1008 3588 promptus
1028 3508 1177 3583 misereri,

438 3608 520 3684 Infit,
543 3629 605 3671 non
627 3608 732 3671 mitem
754 3607 846 3691 (lerpi
867 3611 1022 3672 causando
1045 3612 1197 3673 dolorem:

375 3877 409 3925 67.
423 3879 460 3922 Ne
479 3890 547 3932 mers,
568 3877 629 3923 bin.
647 3879 671 3921 P.
690 3879 766 3921 cells
785 3877 819 3920 ill
835 3880 959 3936 patefactis,
974 3881 1020 3935 Μ.;
1038 3882 1103 3936 ille,
1121 3883 1160 3940 P.;
1181 3881 1272 3924 sellis
1291 3881 1382 3935 scell,

428 3949 453 3990 0.
475 3961 498 3992 n.
513 3947 537 3992 S.
565 3949 598 3990 78.
619 3953 648 3990 ln
669 3953 753 4001 terras,
776 3949 801 3992 C.
821 3949 880 3995 ms.
907 3953 939 3996 lb·
954 3951 1111 4007 relectum,
1130 3951 1191 3996 (bn.
1207 3951 1230 3996 8.
1259 3951 1292 3995 l&
1312 3951 1384 4005 illito)

428 4016 620 4069 andire-‚lt
648 4017 880 4072 laurentem,
904 4021 928 4062 0.
959 4022 994 4065 82.
1007 4025 1111 4074 repetens
1131 4033 1227 4075 ηηυι,
1237 4021 1261 4063 c.
1274 4033 1297 4064 n.
1312 4019 1335 4062 S.
1348 4021 1387 4063 83.

429 4085 511 4132 auos
526 4087 608 4141 divina,
622 4087 647 4130 C.
662 4099 683 4128 u.
698 4085 732 4142 ὃς
748 4099 800 4129 rso
816 4093 912 4146 coust,
926 4090 958 4132 M·
980 4089 1386 4144 Maletum-bemanu-

430 4155 729 4216 promptuu,M.u.P·
