3144 4888
775 422 1013 498 qm..

769 603 1014 668 Gallicanus.

374 707 415 773 Id
435 711 537 794 ipsum
559 709 652 773 etiam
673 710 802 774 studebo
824 690 914 771 nuno.

735 811 1035 876 Constantinus,

377 918 514 984 Gaudeo.

772 1016 1021 1081 Gallicanus.

376 1125 443 1191 Neo
458 1144 561 1188 amore
578 1123 662 1187 vitae
680 1122 791 1184 abduoi
807 1124 924 1202 potero,
944 1122 1017 1201 quin
1035 1139 1191 1202 peragam,
1214 1139 1292 1201 quae
1306 1121 1408 1201 jubes.

741 1223 1042 1286 Constantinus.

377 1331 496 1408 Placet,
517 1329 624 1410 tuique
645 1329 678 1390 in
698 1347 748 1389 me
769 1326 1009 1387 benivolentiam
1031 1327 1131 1389 laudo.

768 1427 1016 1490 Gallicanus.

379 1536 443 1600 Sed
465 1554 582 1598 summa
601 1533 777 1615 implendae
798 1533 928 1593 intentio
947 1533 1107 1594 seruitutis
1126 1551 1275 1594 summam
1291 1531 1412 1612 expetit

378 1639 696 1722 recompensationem
715 1637 876 1698 mercedis.

750 1737 1053 1802 Constantinus.

379 1845 447 1910 Neo
469 1845 589 1927 injuria.

769 1942 1020 2007 Gallicanus

379 2049 554 2112 Difficultas
584 2047 666 2108 enim
695 2049 913 2128 cujuscumque
942 2048 1055 2109 laboris
1084 2047 1275 2108 tolerabilius
1304 2026 1412 2122 fertur,

381 2153 409 2213 si
429 2153 505 2214 haut
526 2152 646 2213 ineerta
668 2150 864 2231 aooipiendae
888 2170 943 2230 spe
965 2151 1116 2211 mercedis
1138 2150 1305 2211 relevatur.

744 2251 1042 2314 Constantinus.

382 2356 482 2419 Patet.

732 2501 734 2506 ,
775 2456 1021 2520 Calhoanua

381 2561 473 2628 Unde
485 2561 613 2624 ineundi
628 2561 799 2643 praemium
812 2562 944 2642 periculi
957 2561 1040 2636 mihi,
1062 2579 1184 2640 quaeso,
1209 2576 1362 2641 proponas
1383 2559 1415 2620 in

383 2665 550 2747 praesenti,
573 2683 632 2745 quo
662 2664 785 2744 inpigre
813 2665 958 2725 dimicans
981 2664 1093 2726 sudore
1114 2683 1176 2725 non
1198 2663 1326 2742 frangar
1348 2681 1415 2723 eer-

382 2768 515 2843 taminis,
539 2768 691 2828 animatus
712 2785 767 2847 spe
788 2767 1006 2827 retributionis.

748 2866 1053 2929 Constantinus.

385 2971 477 3042 Quod
509 2969 721 3050 dignissimum
753 2972 894 3050 omnique
928 2971 1093 3030 videbatur
1125 2971 1247 3031 senatui
1276 2971 1415 3050 gratissi·

383 3093 475 3148 mum,
497 3071 526 3152 ⁷)
546 3091 712 3152 numquam
733 3073 789 3132 tibi
809 3075 971 3152 negabam,
1000 3075 1054 3133 aut
1075 3075 1206 3152 negabo,
1236 3075 1415 3155 praemium,

384 3175 504 3237 soilieet
524 3178 649 3235 nostrae
668 3175 862 3255 adeptionem
873 3175 1088 3237 familiaritatis
1105 3177 1351 3258 praecipuaeque
1364 3175 1378 3214 ⁷
1389 3179 1416 3257 Ιι)

382 3277 465 3339 inter
485 3277 640 3358 palatinos
663 3275 830 3358 dignitatis.

782 3377 1032 3459 Gallioanus,

383 3481 508 3559 Fateor,
531 3482 588 3544 sed
608 3482 641 3544 id
662 3503 744 3545 nuno
765 3484 841 3546 haut
862 3485 978 3546 molior.

752 3585 1048 3649 Constantinus.

386 3686 420 3750 Si
440 3687 524 3750 aliud
544 3691 684 3772 expetas,
708 3693 829 3772 oportet
849 3691 999 3770 proferas.

775 3789 1025 3854 Gallicanus.

383 3893 481 3956 Immo
504 3892 595 3953 aliud.

402 4061 435 4116 J)
448 4054 698 4115 gronlandorum&
727 4057 773 4116 in)
788 4059 1174 4115 praecipuequedlgultste,
1189 4057 1230 4115 P.;
1250 4063 1417 4117 praecipueque

462 4130 591 4184 saumae,
605 4127 630 4174 c.
646 4141 671 4171 u.
688 4127 712 4173 ε.
