3144 4888
581 445 821 526 :ibt-⁰:

618 623 782 698 Milites.

187 720 356 784 Seeuddus.
868 727 872 736 '

597 806 802 870 Julianus.

185 892 228 956 Et
250 913 304 954 eur
326 895 390 954 lam
411 894 512 955 citus?

615 975 783 1040 Milites.

184 1081 341 1143 Dicemus.
385 1080 529 1158 Castella,
559 1101 639 1162 quae
661 1079 840 1146 Gallicanus
870 1081 928 1144 sibi
949 1081 1084 1158 retinuit,
1106 1065 1214 1148 deere-

184 1185 287 1248 vimus
306 1184 440 1248 intrasse
461 1187 594 1266 tuaeque
616 1185 760 1247 servituti
787 1204 971 1267 usurpasse,
1000 1186 1066 1262 sed,
1093 1186 1120 1251 si
1146 1189 1214 1268 quis

187 1308 228 1349 ex
250 1289 364 1350 nostris
386 1288 497 1371 pedem
518 1288 662 1364 admouit,
690 1289 833 1369 leprosus
862 1307 919 1350 seu
946 1288 1159 1370 inerguminus
1173 1291 1214 1374 ⁵⁹)

186 1395 234 1454 est
255 1393 363 1454 faetus.

602 1491 795 1556 Julianus.

183 1597 389 1660 Revertimini
416 1597 578 1679 ipsumque
612 1585 801 1679 compellite,
831 1598 883 1658 vel
904 1597 1036 1680 patriam
1057 1599 1212 1679 deserere,

185 1703 238 1766 vel
259 1703 348 1766 idolis
370 1701 553 1763 sacrificare.
945 1713 947 1718 ’

621 1791 775 1816 .-.--.ὲ-.

571 1887 820 1953 Gallicanus.

180 1997 230 2060 Ne
253 1995 433 2076 fatigemini,
456 2015 473 2057 ο
495 1994 618 2068 milites,
640 1991 760 2055 inutilia
782 1994 950 2071 suadendo,
973 1995 1046 2078 quia
1066 1996 1098 2058 in
1120 2000 1212 2061 aesti-

182 2101 316 2162 matione
340 2100 486 2160 aeternae
508 2099 591 2161 vitae
614 2098 701 2159 flocci
723 2097 811 2173 facio,
835 2097 979 2179 quiequid
999 2099 1132 2164 liabetur
1154 2083 1211 2167 suli

182 2204 257 2266 sole.
301 2202 391 2266 Unde
412 2202 544 2283 patriam
566 2201 675 2262 desero
700 2202 742 2262 et·
754 2201 828 2262 exul
849 2221 905 2283 pro
921 2199 1213 2270 (lhristodlexand-

182 2307 260 2368 riam
281 2308 363 2388 peto,
386 2308 495 2386 optans
515 2304 629 2366 ibidem
650 2305 791 2372 coronari
811 2305 968 2387 martyrio.

620 2425 774 2434 -—-—--·—

616 2509 780 2572 Milites,

182 2615 372 2691 Gallicanus,
393 2617 429 2677 ut
447 2614 575 2696 jussisti,
598 2613 700 2694 patria
726 2615 885 2695 expulsus,
906 2614 1131 2686 Alexandriam
1157 2635 1211 2702 pe:

181 2722 230 2785 tiit
242 2722 353 2803 ibique,
365 2718 544 2780 aRautiano
553 2717 593 2799 ⁶⁰)
608 2717 717 2780 comite
731 2719 844 2794 tentus,
851 2719 954 2798 gladio
966 2723 1015 2782 est
1025 2725 1211 2805 peremptus.

601 2819 799 2883 Juhanus
1202 2833 1205 2844 '

165 2928 209 2993 -0
231 2928 311 2990 bene
333 2926 465 2988 laetum!

613 3008 777 3072 Milites.

183 3117 246 3182 Sed
268 3115 427 3180 Iohannes
449 3117 482 3177 et
501 3113 617 3176 Paulus
639 3116 671 3175 te
693 3113 862 3176 fastidiunt
976 3179 977 3184 ,

604 3214 796 3278 Julianus.
833 3285 836 3294 ¹

182 3306 265 3378 Quid
287 3306 408 3385 agunt?

609 3381 776 3449 Milites.

180 3493 292 3557 Libere
313 3495 439 3574 vagant,
451 3493 491 3576 ⁶¹)
512 3493 676 3554 thesauros
699 3487 896 3553 Constantius
919 3496 1057 3572 erogant.

593 3593 791 3659 luhanus

181 3685 392 3748 Advoeentur.

555 3778 558 3786 ’
613 3765 776 3833 Milites.
900 3783 907 3792 ·

148 3907 152 3922 .
180 3855 307 3918 Assunb

619 3941 773 3954 ..ὴ-...-

206 4043 246 4095 59)
261 4052 478 4094 energumenos,
493 4040 516 4084 S.
538 4041 583 4104 ¹6⁰)
598 4042 735 4082 rautlsno
753 4043 782 4082 ist
800 4040 829 4080 lm
843 4040 896 4082 cod.
912 4040 1044 4098 correctur3
1060 4041 1090 4101 1²„
1106 4042 1144 4103 lust
1160 4056 1210 4086 mu·

260 4110 361 4162 slnno‚
376 4110 520 4151 Ruricium
534 4107 606 4152 baben
620 4109 718 4164 dsgegen
732 4112 784 4156 Qu.
795 4109 819 4155 S.
843 4106 1210 4168 613vngantnr,c.u.s.;v¹n·

260 4183 319 4234 gant,
334 4179 374 4220 des
388 4179 475 4222 Reimes
487 4191 570 4236 weges.
1133 4175 1138 4189 ’
