3122 4894
777 425 1015 510 »ilo-a

377 608 459 700 quod
488 619 557 701 ejus
587 617 735 702 imperio,
767 618 855 700 cujus
887 617 1105 698 gubernaculis
1138 617 1237 701 major
1269 613 1407 684 mundus

379 724 629 805 obtemperanter
650 722 800 797 subditur,
822 721 907 783 solus
926 721 1025 784 minor
1048 723 1319 787 contraluetetur?

788 840 996 923 Discipuli.

379 943 457 1016 Quis
480 946 530 1007 est
550 943 649 1007 minor
669 944 826 1006 muudus?

762 1045 1026 1128 Paphnutius.

377 1131 488 1196 Homo.

788 1215 994 1299 Discipuli

380 1301 505 1365 Homo?

759 1386 1024 1470 Paphnutius.

378 1472 484 1536 Porro.

789 1557 996 1640 Discipuli

384 1643 447 1718 Qui
458 1644 487 1724 ⁵)
508 1643 623 1707 homo?
1026 1660 1030 1668 ’

760 1728 1024 1812 Paphnutius.

381 1813 496 1878 Omnis.

792 1899 1001 1983 Discipuli.

382 1986 445 2058 Qui
465 1988 570 2068 potest
590 1985 681 2048 fieri?

766 2070 1029 2151 Paphnutius.

381 2157 425 2222 Ut
445 2156 563 2239 placuit
585 2153 734 2218 Creatori.

796 2198 1005 2324 Discipln.

380 2326 452 2392 Non
473 2327 618 2411 sapimus.

762 2411 1031 2495 Paphnutius.

381 2518 451 2582 Non
472 2517 594 2582 obvium
617 2519 665 2580 est
691 2515 898 2600 perpluribus.

795 2617 1011 2701 Discipuli.

381 2705 523 2792 Expone.

766 2789 1033 2873 Paphnuffius

381 2877 548 2942 Intendite.

793 2959 1001 3043 Discipuli

382 3050 431 3114 Ac
451 3050 594 3132 prompta
614 3048 726 3108 mente.

815 3145 1083 3229 Paphnutius.

384 3249 471 3314 Sicut
493 3251 574 3313 enim
594 3249 692 3332 major
713 3250 846 3312 mundus
876 3271 918 3314 ex
940 3254 1072 3333 quatuor
1097 3253 1258 3316 contrariis
1281 3255 1414 3315 elemen-

381 3355 431 3430 tis,
455 3349 511 3415 sed
533 3352 573 3416 ed
594 3357 701 3416 votum
715 3351 872 3416 Creatoris
894 3357 1064 3418 secundum
1085 3355 1291 3418 harmonicum
1311 3356 1414 3417 mode-

382 3457 534 3520 rationem
570 3457 828 3520 concordantibus
857 3459 1028 3541 perficitur‚
1058 3459 1101 3520 ita
1118 3455 1144 3541 ⁶)
1174 3463 1206 3521 et
1234 3459 1323 3521 homo
1352 3477 1414 3519 non

383 3561 483 3623 solum
505 3562 544 3623 ab
567 3560 683 3623 eisdem
705 3561 882 3638 elementis,
911 3563 968 3624 sed
994 3562 1088 3625 etiam
1110 3582 1151 3624 ex
1171 3561 1272 3642 magis
1294 3563 1413 3624 contre·

382 3665 437 3727 riis
458 3665 598 3748 partibus
621 3666 790 3746 coaptatur.

783 3783 1001 3866 Discipuli

382 3887 425 3954 Et
447 3889 521 3971 quid
541 3887 641 3970 magis
662 3886 858 3973 contrarium,
881 3905 973 3968 quam
995 3887 1172 3953 elementa?

381 4059 563 4076 σ--ιι-ι--ι-

409 4145 435 4200 a)
450 4140 533 4199 stulu,
547 4141 593 4199 ng.
619 4142 686 4201 θυι
702 4142 755 4198 ltu,
772 4139 797 4187 c.
811 4151 835 4185 u.
849 4136 872 4186 S.
