3080 4892
482 453 788 530 ·-289-

546 641 779 704 Antiochus.

146 722 174 786 Ο
197 724 329 786 utinam!

538 813 779 875 Hadrianus.

146 911 338 996 Olictores,
369 915 451 978 adite
475 919 506 978 et
528 917 607 978 hanc
629 919 779 979 rebellem
809 938 907 1000 usque
937 919 977 981 ad
1003 919 1179 982 internicio·

145 1015 269 1098 nem⁴¹)
291 1019 393 1081 crudis
415 1021 521 1082 nervis
544 1023 672 1084 caedite.

543 1142 779 1206 Antiochus,

144 1244 253 1320 Decet,
275 1247 311 1306 ut
332 1245 532 1307 severitatem
553 1247 669 1309 sentiat
690 1248 736 1309 tui
757 1247 883 1324 furoris,
917 1248 989 1329 quia
1017 1249 1178 1311 lenitatem

145 1347 344 1429 parvipendit
365 1349 498 1430 pietatis.
1078 1337 1081 1342 ¹

610 1435 716 1518 Spes

146 1537 236 1599 Hanc
259 1539 408 1620 pietatem
430 1542 552 1622 exopto,
576 1540 655 1601 hano
677 1541 837 1602 lenitatem
860 1541 1010 1604 desidero.

549 1661 783 1726 Antiochus,

146 1763 173 1826 Ο
197 1763 365 1846 Sapientia,
387 1765 461 1844 quid
482 1766 701 1828 murmurando
723 1767 875 1846 loqueris,
898 1768 984 1828 stans
1007 1765 1177 1828 sublevatis

146 1869 244 1930 oculis
264 1870 276 1950 j
325 1874 358 1931 ta
381 1870 515 1931 cadauer
538 1871 695 1932 extinctae
717 1871 837 1952 prolis?

551 1973 772 2058 Sapientia.

143 2076 261 2138 Iuvoco
285 2076 550 2158 Omniparentem,
582 2099 641 2159 quo
671 2079 802 2140 eandem
823 2077 1006 2140 tolerantiae
1027 2096 1176 2160 perseve-

141 2181 282 2256 rantiam,
306 2200 397 2261 quam
418 2182 574 2263 praestitit
595 2182 693 2258 Fidei,
715 2183 855 2263 praestet
879 2184 911 2244 et
934 2180 1014 2264 Spei.

612 2283 720 2367 Spes

143 2385 170 2448 0
192 2390 302 2462 mater,
323 2389 432 2462 mater,
455 2407 547 2467 quam
570 2389 723 2464 efficaces,
747 2406 838 2468 quam
861 2387 1053 2448 exaudibiles
1080 2404 1175 2466 expe·

143 2491 206 2551 rior
236 2510 306 2551 esse
335 2491 380 2552 tui
406 2495 532 2571 preces!
565 2491 664 2566 Ecce,
694 2493 726 2552 te
756 2493 863 2554 orante
871 2537 879 2566 ,
909 2489 1013 2551 anheli
1041 2491 1175 2574 tortores

142 2593 255 2654 levatis
279 2595 398 2656 dextris
420 2595 534 2658 librant
555 2595 664 2668 ictum,
689 2598 721 2656 et
742 2613 801 2675 ago
823 2594 942 2655 nullum
970 2592 1084 2654 doloris
1106 2610 1176 2652 sen·

142 2697 185 2758 tio
209 2699 332 2759 tactum.

535 2784 776 2846 Hadrianus.

144 2883 177 2947 Si
199 2887 301 2968 flagra
322 2888 530 2970 parvipendis,
554 2889 723 2950 acrioribus
745 2887 853 2970 poenis
876 2883 1073 2950 coartaberis.
1140 2885 1143 2892 '

607 2991 717 3074 Spes

142 3093 246 3168 infer,
269 3095 365 3172 infer,
389 3095 534 3176 quicquid
557 3096 696 3172 crudele,
721 3094 866 3176 quicquid
889 3092 1049 3174 excogites
1069 3089 1175 3152 letale.

143 3197 268 3268 Quanto
289 3200 360 3281 plus
383 3201 494 3276 saevis,
517 3203 603 3262 tanto
625 3200 724 3278 magis
746 3199 847 3261 victus
873 3196 1080 3260 confunderis.

540 3301 786 3365 Hadrianus.

145 3403 183 3466 Iu
215 3409 289 3468 adra
319 3407 528 3488 suspendatur
557 3411 589 3469 et
617 3407 742 3487 ungulis
771 3405 942 3478 laceretur,
974 3401 1175 3482 quoadusque

144 3509 259 3570 evulsis
281 3510 452 3572 visceribus
475 3514 507 3573 et
527 3511 651 3573 nudatis
675 3510 794 3572 ossibus
817 3507 941 3569 deficiat
950 3505 992 3586 ⁴²)
1021 3508 1053 3566 et
1080 3523 1174 3564 mem-

142 3612 254 3675 bratim
276 3617 392 3696 crepat.

541 3699 775 3763 Antiochus.

142 3800 317 3885 imperialis
337 3803 435 3886 jussio
458 3807 489 3866 et
512 3823 650 3885 congrua
672 3804 746 3865 satis
768 3803 852 3866 ultio.

165 3959 346 3969 ——.-—..

169 4039 208 4096 dl)
222 4041 380 4096 intercise,
394 4042 447 4093 (mit
462 4038 594 4084 chenese:
608 4039 649 4082 auf
660 4043 685 4096 e]
698 4039 730 4085 M.
748 4037 862 4082 viellelebt
877 4035 947 4078 sucht
967 4032 1173 4086 interneciem

220 4110 663 4167 lnterueelonem‚c.,8.n.htfl.;
688 4103 1050 4174 lnternielofldlucenge.
1077 4101 1115 4157 la)
1133 4101 1174 4144 de·
1258 4127 1282 4142 ,.

219 4179 316 4237 nent,
332 4181 357 4226 o.
372 4194 394 4224 u.
408 4179 453 4266 s
927 4227 968 4294 19
