3144 4888
759 415 995 486 -164-

750 595 997 676 Constantia.

361 697 408 765 Eo
427 701 553 764 literius
573 700 776 775 servabimus,
796 721 856 781 quo
875 704 906 762 te
924 721 987 762 non
1004 700 1224 763 contraluctari
1237 700 1394 762 sentimus.

753 801 998 865 Gallicanus.

363 907 435 971 Non
457 909 675 984 contraluctor,
697 901 760 969 non
782 907 907 982 renitor,
937 927 998 968 non
1019 907 1175 988 prohibeo,
1203 907 1260 968 sed
1282 906 1395 967 vestris

363 1012 397 1074 in
420 1013 478 1074 hoo
499 1013 580 1074 votis
602 1013 701 1072 libens
724 1011 867 1086 ooneedo,
890 1011 921 1070 in
943 1013 1070 1084 tantum,
1087 1013 1123 1071 ut
1143 1031 1201 1072 neo
1223 1014 1263 1084 te,
1287 1029 1304 1070 o
1325 1027 1396 1069 mea

280 1127 283 1139 ¹
365 1113 552 1191 Constantia,
587 1134 679 1196 quam
711 1115 786 1175 haut
815 1114 953 1192 segniter
984 1115 1042 1174 emi
1064 1114 1147 1175 vitae
1170 1113 1279 1195 pretio,
1303 1112 1397 1186 aliud,

366 1237 458 1300 quam
481 1219 616 1300 coepisti,
638 1218 722 1279 velle
745 1215 883 1297 oogo.4⁸)

755 1317 1004 1381 Constantia.

364 1422 453 1486 Haeo
475 1423 601 1485 mutatio
625 1422 755 1484 dextrae
776 1421 919 1482 Excelsi!

758 1523 1004 1586 Gallicanus.

367 1629 453 1694 siin
475 1629 585 1690 melius
607 1631 743 1690 mutatus
765 1649 826 1690 non
849 1649 957 1705 essem,
980 1631 1053 1688 tuae
1077 1627 1271 1709 promissioni
1293 1646 1398 1688 assen-

367 1753 436 1796 sum
457 1754 519 1795 non
541 1734 731 1815 praeberem.

756 1834 1005 1913 Constantia.

367 1939 493 2002 Arnieus
514 1939 679 2020 pudicitiae
700 1938 861 2016 virginalis
885 1945 915 1999 ot
937 1939 1039 1999 fautor
1057 1939 1151 2000 totius
1169 1941 1268 1998 bonae
1287 1937 1397 1998 volun-

367 2043 448 2117 tatis,
461 2042 514 2120 qui
530 2043 561 2102 te
574 2043 611 2101 ab
622 2042 737 2121 injusta
747 2040 916 2102 intentione
927 2039 968 2122 4⁹)
990 2042 1150 2102 revocavit
1160 2059 1320 2120 meamque
1332 2039 1395 2099 vir-

369 2145 530 2223 ginitatem
552 2143 609 2204 sibi
632 2143 776 2222 signavit,
807 2144 952 2223 dignetur
974 2164 1030 2205 nos
1052 2165 1109 2225 pro
1132 2145 1283 2224 corporali
1306 2141 1396 2203 disei-

370 2248 419 2310 dio
439 2248 624 2329 quandoque
647 2247 830 2308 associatum
852 2247 897 2307 ire
919 2248 951 2307 in
973 2251 1100 2309 aeterno
1123 2247 1244 2327 gaudio.

757 2347 1009 2412 Gallicanus.

352 2455 450 2531 ⁴Fiat,
473 2455 543 2516 fiat!

738 2557 1041 2620 Constantinus.

371 2660 447 2723 Cum
468 2661 625 2722 vinculum
637 2659 751 2722 Christi
762 2661 873 2723 amoris
884 2661 915 2720 in
926 2662 1016 2721 unius
1028 2679 1084 2720 nos
1107 2659 1254 2721 societate
1268 2659 1308 2739 ⁵⁰)
1330 2677 1401 2719 oon-

369 2768 483 2848 jungat
514 2765 686 2844 religionis,
720 2765 810 2824 decet
817 2809 825 2838 ,
847 2766 902 2838 ut,
935 2763 1022 2842 quasi
1050 2781 1148 2841 gener
1180 2762 1401 2842 Augustorum,

372 2867 540 2936 honorifice
561 2867 720 2929 nobiseum
742 2867 861 2927 habites
883 2867 965 2927 intra
985 2867 1140 2947 palatium.

761 2966 1006 3030 Gallicanus.

368 3071 463 3136 Nulla
484 3072 582 3152 magis
596 3074 644 3132 est
659 3072 786 3134 vitanda
807 3071 975 3152 temptatio,
988 3069 1028 3154 ⁵¹)
1044 3091 1136 3153 quam
1148 3072 1305 3136 oculorum
1327 3091 1400 3133 oon-

370 3174 566 3256 oupisoentia.

737 3273 1039 3341 Constantinus.

368 3375 537 3460 Refragari
557 3399 686 3462 nequeo.

761 3482 1010 3547 Gallicanus.

368 3581 459 3652 Unde
481 3607 543 3649 non
566 3588 702 3670 expedit,
714 3608 764 3649 me
786 3590 979 3668 frequentius
1000 3589 1154 3668 virginem
1175 3588 1296 3666 intueri,
1309 3609 1400 3670 quam

367 3709 444 3772 prae
466 3692 656 3773 parentibus,
678 3709 754 3772 prae
775 3692 849 3767 vita,
877 3711 953 3774 prae
975 3693 1116 3753 animaa
1136 3711 1186 3752 me
1208 3693 1269 3754 sois
1292 3695 1397 3756 amari.

849 3793 858 3814 ,
1086 3783 1090 3794 .

394 3843 574 3856 ——--—a

394 3926 431 3982 48)
446 3931 531 3980 cogo,
548 3921 579 3966 M.
594 3935 676 3978 nuspa,
691 3935 734 3966 von
746 3921 854 3980 jungerer
869 3925 932 3968 Haud
949 3927 1029 3981 corrig.
1049 3928 1072 3967 in
1089 3937 1180 3984 eogsm3
1206 3938 1287 3982 cogo,
1301 3928 1338 3981 P.;
1358 3942 1398 3971 co·

446 4009 508 4051 gor,
530 3995 555 4037 (2⁴
572 4009 595 4036 u.
614 3993 651 4049 Μ
674 4001 785 4048 rogam,
806 3995 850 4048 Mg.
878 3990 915 4050 49)
930 3997 1108 4049 intentione,
1128 3997 1186 4036 uber
1205 3999 1341 4050 cogitatione
1362 4011 1398 4054 ge·

445 4065 569 4120 nutriebar,
584 4067 613 4106 iot
624 4064 734 4106 nichtwie
748 4065 793 4118 Mg.
806 4065 883 4116 meist,
897 4077 940 4104 von
955 4064 994 4106 der
1007 4063 1071 4104 Haud
1090 4063 1128 4105 de·
1144 4064 1225 4120 Cattos,
1243 4067 1339 4108 sondern
1353 4069 1397 4119 alt3

445 4133 685 4191 cogitationem&
711 4131 751 4188 ὅθ)
765 4128 889 4186 sociate,
903 4132 934 4178 Μ.
950 4141 973 4178 ιι.
989 4133 1014 4174 1³.
1040 4133 1079 4187 ⁶1)
1093 4135 1231 4190 tentatio,
1245 4137 1278 4190 0.,
1288 4135 1310 4178 S.
1319 4137 1396 4192 mdig.
