3134 4896
795 481 1011 550 ..70-

382 610 463 728 x1'10.
475 661 621 740 ‚Necnon
643 659 823 741 Hispaniam
844 659 981 722 vinctum
1007 657 1173 739 penetrare
1201 657 1374 738 superbam,

477 765 598 842 „Quam
619 765 651 825 te
674 763 872 842 grandaevae
893 760 1003 824 uinclis
1025 779 1112 841 spem
1132 759 1257 822 tradere
1279 759 1391 819 vitae.“

514 867 584 929 lien
605 865 676 926 tulit
699 883 774 944 ergo
795 866 916 945 patrem
935 862 1082 942 Pelagius
1104 863 1163 924 ista
1177 863 1366 942 sequentem,

477 968 540 1033 Sed
560 969 675 1029 mulcet
696 967 785 1029 dictis
807 969 941 1028 mentem
964 966 1027 1026 cari
1049 965 1198 1044 genitoris

475 1071 516 1133 Et
538 1071 621 1150 cogit
642 1069 772 1142 blandis,
796 1069 877 1148 qued
899 1069 996 1129 suasit
1018 1069 1109 1142 velle,
1132 1067 1270 1147 loquelis.

395 1170 465 1236 175.
480 1170 643 1236 Consansit
664 1172 806 1252 precibus
828 1171 952 1235 tandem
974 1170 1096 1249 genitor
1117 1170 1323 1243 venerandus,

476 1275 617 1338 Tradidit
639 1278 671 1335 et
691 1276 806 1347 natum,
829 1275 927 1333 semet
948 1273 1134 1345 redimendo,
1157 1272 1317 1332 misellum.

478 1377 566 1440 Tunc
588 1395 647 1438 rex
668 1375 829 1454 Pelagium
848 1375 941 1455 J‘ussit
963 1375 1134 1456 perducere
1157 1393 1269 1448 secum,
1330 1391 1333 1400 ’

476 1478 518 1542 Et
539 1479 639 1539 laetus
659 1477 752 1538 rediit
772 1479 904 1558 patriam
924 1477 1085 1556 uictorque
1106 1477 1223 1537 revisit.

518 1581 630 1644 Nullus
652 1600 707 1662 pra
728 1581 846 1644 meritis
867 1581 975 1640 eredat
995 1581 1111 1641 iactum
1132 1579 1198 1640 iore
1219 1577 1304 1658 regie

393 1682 462 1748 180.
476 1683 554 1759 Hoc,
576 1683 658 1763 quod
679 1685 742 1744 tam
763 1683 893 1762 pulchra
913 1681 1058 1742 vincebat
1078 1683 1211 1761 denique
1233 1699 1352 1763 pompa,

479 1785 542 1848 Sed
563 1803 655 1863 mags
673 1785 788 1866 judicia
810 1785 922 1845 secreti
942 1784 1054 1864 judicis
1077 1803 1184 1864 aequo,

479 1887 523 1952 Ut
543 1887 684 1969 populus,
705 1889 791 1952 tauto
813 1889 973 1967 correptus
995 1887 1054 1952 rite
1076 1887 1209 1966 flagello,

478 1991 586 2053 Floret
607 1989 701 2056 totius
723 1989 840 2070 proprii
861 1990 1021 2050 commissa
1041 1991 1157 2063 reatus,

476 2091 537 2152 Vel
557 2091 640 2172 qued
661 2090 818 2170 Pelagius,
841 2089 954 2153 Christi
975 2111 1030 2173 pro
1052 2092 1123 2170 lege
1145 2091 1311 2164 necandus,

396 2189 464 2257 175.
479 2193 574 2256 Forte
596 2194 697 2255 lecum
717 2195 848 2274 peteret,
870 2215 931 2273 quo
953 2215 987 2254 se
1009 2195 1099 2261 morti
1120 2195 1196 2254 dare
1216 2196 1321 2275 pessel

474 2295 603 2360 Necnon
625 2296 830 2374 sengmneum
850 2315 906 2376 pro
929 2295 1051 2362 Christo
1073 2297 1204 2357 sundere
1225 2296 1334 2371 riuum,

478 2397 658 2481 Inpendsns
681 2399 811 2461 animam
832 2397 969 2474 Domino,
992 2400 1071 2460 bene
1093 2403 1191 2462 merie
1213 2399 1334 2480 piatam.

436 2515 440 2523 '
520 2499 687 2581 Postquam
709 2519 767 2562 rex
790 2503 898 2562 urbem
918 2502 1022 2581 letigit
1043 2518 1155 2564 saevus
1175 2502 1367 2582 locupletem,

475 2602 607 2669 Pertans
629 2605 823 2685 praeclarum
841 2605 926 2684 justa
949 2605 988 2664 de
1011 2608 1104 2684 gente
1127 2605 1322 2687 triumphum,

393 2701 462 2769 190.
473 2705 584 2781 Illicet,
607 2707 769 2786 egregirim
791 2703 913 2781 Christi,
935 2708 1101 2789 praecepit,
1124 2709 1253 2770 amicum

476 2805 616 2870 Carceris
637 2809 670 2868 in
691 2809 837 2870 tenebras
858 2809 996 2870 vinctum
1018 2813 1218 2890 submergere
1239 2809 1345 2889 nigras

476 2909 662 2990 Deliciisque
683 2911 749 2972 ciba
771 2912 921 2972 nutritum
941 2931 1070 2992 pascere
1092 2931 1197 2994 parva.

515 3008 794 3093 Corduba'namque
806 3015 907 3074 locum
919 3023 1025 3078 seruat
1039 3018 1095 3076 sub
1113 3015 1231 3077 fornice
1247 3017 1370 3088 tetrum,

477 3114 612 3178 Oblitum
633 3115 710 3176 lucis
733 3117 1011 3196 consignatumque
1034 3119 1178 3193 tenebris,

392 3213 462 3281 195.
478 3217 616 3280 Maxima
638 3217 690 3298 qui
710 3219 831 3281 miseris
853 3221 953 3279 fertur
975 3221 1041 3282 fore
1064 3235 1157 3282 causa
1179 3219 1300 3280 deloris.

475 3319 546 3380 Illic
566 3319 723 3399 Pelagius,
746 3323 942 3402 praepollens
964 3323 1048 3404 pacis
1071 3324 1220 3395 alumnus,

476 3418 644 3498 Clauditur,
656 3423 782 3504 imperio
804 3425 889 3504 regis
911 3430 1042 3504 cogente
1064 3425 1206 3490 nefande.

474 3525 544 3591 lilia
566 3545 641 3604 ergo
663 3526 724 3587 uiri
744 3530 899 3592 uenerunt
921 3528 1028 3589 sedulo
1049 3528 1148 3609 primi,

474 3627 641 3690 Mulcendo
662 3631 796 3689 mentam
814 3630 938 3710 juvenis
961 3649 1058 3692 cauea
1080 3630 1212 3711 pietatis.

389 3726 460 3794 200.
472 3730 557 3810 (Qui,
574 3749 643 3796 euna
663 3731 817 3793 uidissent
839 3733 961 3792 uultum
983 3733 1065 3813 capti
1087 3731 1270 3813 speciosum)

417 3963 461 4007 lit.
474 3962 597 4018 Calauria,¹
611 3964 657 4019 ης
673 3965 851 4019 ataulphum
859 3966 1044 4009 naudelussuam
1058 3971 1086 4010 te.
1104 3964 1305 4019 llzcantullt,
1319 3963 1380 4008 aaa
1393 3965 1419 4006 P.

417 4033 461 4078 178.
478 4036 591 4086 laetus,
605 4033 637 4077 M.
652 4050 654 4058 ›
671 4031 716 4076 181.
730 4039 850 4076 secret·
868 4035 951 4085 ludici·
972 4039 1073 4092 aequi,
1093 4037 1118 4081 c.
1132 4049 1155 4078 u.
1173 4035 1196 4078 8.
1231 4036 1275 4078 180.
1290 4036 1377 4076 vieta
1392 4034 1420 4076 de

479 4106 552 4156 gente,
567 4102 631 4146 (1.1.
646 4100 670 4146 8.
686 4101 734 4147 Μ.
750 4099 830 4145 are-er
842 4105 897 4148 Vera
910 4105 987 4147 wrsrda
1002 4109 1077 4161 spatas
1089 4105 1267 4160 elagnsbabena
1284 4104 1309 4148 Ρ.
1325 4102 1363 4145 bat
1378 4102 1420 4144 ibn

480 4170 548 4214 nicht.
