3080 4892
542 453 781 532 2321*

225 633 370 704 Tandem
390 645 536 724 peruerte
558 642 632 703 sorti
653 640 794 702 deuictus
814 659 930 716 amore,

227 745 304 807 Ilieo
325 747 488 826 poenalem
509 745 620 826 proicit
640 745 680 806 de
701 744 795 806 eorde
816 744 966 819 timorem,

235 849 285 924 Et,
308 851 365 910 sub
385 849 544 912 nocturnis
565 848 693 908 nimium
713 830 834 908 secreto
858 847 995 909 tenebris

224 952 413 1027 Adveniens,
435 951 468 1012 in
489 951 629 1030 regalem
651 970 686 1010 se
709 950 839 1012 eontulit
859 951 976 1024 urbem,

138 1053 263 1117 425111
285 1074 345 1135 qua
366 1056 501 1116 natalem
522 1055 608 1134 regis
630 1055 790 1116 eelebrare
819 1052 966 1133 perennis

221 1159 294 1220 Rex
316 1159 385 1239 pius
408 1157 562 1238 obsequiis
584 1157 686 1238 eoepit
706 1157 918 1238 sollempniter
941 1139 1034 1237 aptis3

223 1261 440 1344 Depositisque
462 1261 526 1322 suis
550 1260 737 1322 ornamentis
759 1259 911 1340 pretiosis,

223 1363 376 1447 Srmpliois
399 1367 431 1425 et
451 1364 553 1424 tenuis
575 1364 689 1425 fruitur
710 1363 865 1425 volamine
887 1361 995 1438 vestis,

162 1449 179 1478 ⁹
220 1467 309 1529 Inter
330 1469 469 1528 saerutos
490 1467 589 1529 noetis
611 1465 801 1528 venerabilis
822 1466 953 1546 hymnos

138 1569 350 1632 430.1noans
371 1570 495 1632 nudatis
518 1570 624 1651 templi
646 1587 735 1630 saera
756 1569 862 1630 limina
883 1568 1006 1649 plantis.

220 1673 287 1734 Neo
309 1674 416 1735 horret
438 1673 548 1734 hiemis
571 1692 703 1735 saevum
724 1671 826 1752 frigus
848 1671 1001 1746 furientis,

221 1775 284 1838 eeu
305 1797 402 1858 prono
425 1795 545 1838 sacrem
566 1777 657 1838 vultu
678 1779 853 1858 prostratus
875 1775 915 1837 ed
937 1793 1031 1852 erem,

222 1877 341 1960 Corpus
365 1879 521 1958 frigoreae
544 1879 674 1941 sociauit
694 1880 797 1940 nobile
819 1882 933 1955 terrae,

222 1981 273 2042 Sie
295 1983 339 2042 sio
361 1982 528 2044 moerentis
550 1984 614 2044 toto
638 1982 795 2044 cunemine
819 1982 920 2045 cordis

135 2080 208 2144 435.
221 2084 382 2166 Exoptens
405 2085 462 2146 sibi
484 2085 638 2165 praestari
659 2085 771 2146 veniae
792 2105 903 2147 munus
928 2086 1026 2148 dulos.

145 2249 157 2274 ι
220 2186 289 2258 Quo
312 2208 371 2250 rex
393 2193 561 2269 oomperto,
583 2190 685 2250 vietus
707 2189 823 2270 pietate
845 2189 982 2270 benigna

218 2291 429 2373 Instantisque
448 2313 564 2354 memor
586 2293 660 2354 festi
681 2293 800 2356 eunetis
822 2292 1003 2367 venerandi,

216 2393 256 2455 In
277 2415 336 2475 quo
360 2396 523 2458 eoelioolae
545 2415 654 2478 paoem
675 2396 787 2458 mundo
811 2396 961 2469 eeoinere,

218 2495 308 2558 Laeti
329 2518 407 2578 rege
429 2518 494 2573 suo,
517 2501 627 2560 tenere
647 2500 685 2560 de
706 2498 830 2578 virgine
852 2500 934 2572 neto,

34 2655 42 2682 ,
133 2597 205 2662 440.
222 2599 265 2664 Ut
286 2601 336 2682 pie
359 2602 497 2663 salvaret
517 2603 663 2664 mundum
686 2603 796 2663 merito
818 2601 998 2683 periturum,

222 2702 283 2765 Pro
306 2705 366 2765 diei
388 2707 493 2766 tentee
515 2724 624 2787 paeem
646 2705 797 2786 portantis
820 2705 936 2766 honore

218 2803 389 2884 condoluit
412 2808 563 2868 miserans
585 2808 676 2868 fratri
698 2807 859 2870 commissa
881 2806 1000 2882 fetenti,

219 2907 323 2990 Atque
346 2929 434 2972 suam
454 2911 505 2992 pie
528 2911 692 2990 gratiolam
711 2911 866 2973 eoneessit
888 2909 1062 2972 habendam

218 3011 270 3073 Illi
293 3032 362 3075 oum
382 3014 493 3074 ueniae
516 3014 628 3076 dileoto
650 3033 779 3075 munere
800 3014 930 3096 plenee;

132 3110 205 3200 445.
218 3113 346 3176 Neenon
367 3119 439 3197 post
460 3117 578 3196 aliquot
599 3118 691 3200 spatii
711 3119 906 3200 tempuscula
927 3116 1017 3200 parvi

217 3217 320 3298 Ipsius
339 3219 403 3299 juri
423 3238 570 3300 proeeres
592 3221 799 3302 subjunxerat
821 3240 927 3282 omnes

216 3320 368 3383 Fumosae
389 3321 518 3383 nimium
540 3324 643 3403 gentis
665 3323 887 3404 Bejoariorum,

217 3423 325 3505 ipsum
345 3445 457 3506 nempe
480 3425 591 3488 duoem
612 3427 721 3488 merito
744 3425 885 3488 faciendo
907 3425 1074 3506 potentem

219 3526 261 3588 Et
282 3531 352 3609 post
374 3529 451 3590 haee
473 3529 555 3590 ultro
576 3529 680 3590 fuerat
702 3528 856 3590 discordie
878 3527 964 3588 nulla

132 3625 207 3694 450.
222 3629 311 3691 Inter
334 3651 395 3707 eos,
418 3631 527 3693 animis
550 3633 687 3694 fraterno
710 3632 837 3694 foedere
855 3629 983 3712 juretis.

132 3769 288 3778 ι...-

157 3829 205 3876 ttfi.
219 3832 312 3886 cepit,
331 3830 357 3876 ll.
385 3830 517 3886 noller,
534 3833 575 3887 M„
597 3833 680 3875 ebenus
702 3844 777 3887 urspr.
795 3832 820 3876 Ρ.
854 3833 901 3877 ⁴³⁵.
921 3829 1035 3883 Bronton
1056 3825 1165 3886 pnutnrl

215 3903 279 3942 venie
300 3913 382 3942 munros
402 3903 446 3942 siti
466 3902 511 3956 du,
526 3902 574 3957 Μ.;
593 3904 676 3944 theuso
690 3903 724 3955 P.,
740 3903 775 3945 dle
789 3901 872 3952 jedoelr
894 3901 927 3944 (lu
947 3904 970 3943 ln
989 3897 1073 3942 dulce
1086 3909 1164 3953 sunge-

215 3970 335 4012 sehrleben
351 3969 406 4024 Ιικις
428 3969 459 4024 c7
472 3969 498 4014 R.
513 3983 535 4015 ιι.
550 3970 574 4015 S.
597 3972 668 4014 huben
687 3973 722 4014 dte
739 3972 875 4026 nudemur
895 3971 918 4012 la
937 3968 1038 4024 „optans
1054 3967 1165 4022 praestari

215 4041 294 4080 veniae
314 4051 397 4079 munus
416 4039 461 4080 sibi
481 4038 577 4094 dulsos,
596 4041 644 4086 Pla.
666 4040 765 4095 «legem
785 4040 877 4082 tuderto
898 4040 921 4080 ln
939 4035 1069 4094 ‚phoptsns
1086 4037 1164 4078 ventu

214 4108 269 4148 dux
285 4109 393 4160 praestari
414 4107 457 4148 siti
475 4120 563 4152 munus.
589 4109 637 4154 tte
653 4110 823 4166 pertinum,
841 4107 870 4158 n,
886 4119 908 4150 n.
922 4107 962 4162 1³.;
983 4103 1164 4153 Schrslblelrlerz

216 4176 475 4232 nundum-periturum,
914 4225 956 4292 21
