3122 4894
559 489 798 560 *217ss

583 667 766 750 Ephrem.

159 749 243 824 oud
265 752 419 816 vocatur?

569 840 776 903 Abraham.

158 921 267 984 Maria.

589 1010 767 1094 Ephrem.

156 1111 208 1172 Ita
229 1111 300 1173 est?
323 1109 414 1173 Tanti
436 1115 652 1178 excellentiam
674 1117 803 1178 nominis
827 1117 917 1180 decet
939 1124 1067 1181 stemma
1088 1119 1183 1201 virgi-

158 1214 273 1276 nitatis.

573 1301 776 1366 Abraham.

164 1403 236 1464 Non
259 1403 372 1478 diffido,
404 1405 484 1483 quin,
515 1406 541 1466 si
562 1408 675 1468 nostris
697 1410 834 1470 suaviter
856 1411 1057 1473 hortamentis
1079 1431 1190 1494 provo-

166 1510 261 1582 cetur,
285 1507 324 1567 ad
348 1507 518 1570 cedendum
540 1510 639 1572 facilis
663 1513 851 1592 experiatur.

585 1629 767 1711 Ephrem.

160 1729 354 1793 Accedamus
384 1733 513 1814 ejusque
536 1733 715 1813 cogitationi
741 1735 866 1796 coelibis
889 1736 1086 1797 securitatem
1107 1735 1190 1798 vitae

160 1833 354 1896 instillemus.

598 1923 779 1932 -nuu--u-——o

574 2025 779 2087 Abraham.

164 2124 191 2187 Ο
215 2124 360 2205 adoptiva
373 2125 411 2205 ¹⁰)
434 2125 504 2202 filia,
528 2147 545 2188 o
568 2147 641 2208 pars
664 2129 792 2203 animae,
806 2129 844 2210 ¹¹)
866 2129 980 2203 Maria,
1011 2129 1086 2212 cede
1115 2129 1191 2190 meis

162 2228 302 2310 paternis
331 2229 547 2291 monitionibus
576 2231 697 2310 meique
723 2232 872 2312 comparis
893 2231 1031 2312 Ephrem
1054 2233 1191 2292 saluber-

162 2331 248 2392 rimis
280 2331 535 2393 institutionibus:
559 2333 691 2408 enitere,
725 2337 761 2394 ut
790 2333 957 2394 auctricem
992 2335 1190 2414 virginitatis,

163 2453 254 2515 quem
273 2434 441 2513 aequivoco
457 2436 639 2517 aequiparas
653 2437 691 2517 ¹²)
710 2435 841 2511 nomine,
857 2435 984 2497 imiteris
997 2439 1028 2498 et
1043 2436 1193 2498 castitate.

551 2628 555 2636 .
586 2555 763 2636 Ephrem.

163 2655 296 2718 Multum
330 2657 530 2732 disconvenit,
561 2659 632 2733 filia,-
648 2659 709 2734 ut,
740 2677 818 2738 qnae
853 2678 921 2719 cum
951 2657 1010 2719 Dei
1043 2657 1193 2736 genitrice

164 2759 265 2820 Maria
286 2745 343 2841 per
365 2761 547 2842 mysterium
574 2761 704 2822 nominis
726 2761 899 2842 praemines
915 2761 951 2841 ¹³)
974 2761 1005 2821 in
1027 2779 1096 2834 axe,
1112 2759 1195 2820 inter

164 2863 268 2924 sidera
290 2883 455 2945 numquam
478 2883 596 2940 casura,
626 2865 753 2926 inferior
780 2865 898 2926 meritis
928 2863 960 2924 in
982 2865 1085 2924 terrae
1106 2863 1193 2924 voiu-

163 2968 211 3026 tes
233 2965 351 3026 infimis.

331 3056 337 3068 ⁴
611 3052 748 3122 Maria.

162 3153 348 3234 Mysterium
369 3153 499 3226 nominis
521 3155 639 3234 ignoro,
668 3159 760 3233 unde,
788 3157 861 3237 quid
884 3155 1062 3218 circuitione
1083 3155 1194 3215 ve'rbo-
1251 3167 1253 3174 ’

160 3277 233 3328 rum
255 3257 420 3336 significes,
442 3257 518 3318 haut
538 3258 696 3338 intellego.

591 3377 768 3460 Ephrem.

165 3480 267 3541 Maria
289 3479 511 3561 interpretatur
535 3481 655 3541 stella
677 3481 815 3565 maris,
839 3479 921 3541 circa
944 3479 1195 3560 quamridelicet

165 3585 267 3646 fertur
289 3583 421 3646 mundus
445 3586 476 3645 et
496 3585 626 3658 vocatur
648 3585 789 3666 populus.

613 3703 757 3764 Maria.
782 3700 784 3704 ⁴

165 3804 228 3868 Cur
249 3805 372 3867 maris
395 3805 523 3868 stella
546 3806 680 3868 dicitur?

134 4082 139 4088 ·
194 4061 230 4115 ro)
246 4032 436 4112 adoptatum,
463 4059 523 4114 Mg.;
546 4059 577 4101 Μ.
600 4059 639 4101 hat
662 4059 725 4101 nieht
743 4023 864 4114 adoptitia,
886 4073 905 4103 ι.
927 4059 973 4112 Mg.
993 4068 1014 4112 p.
1033 4056 1080 4100 wi.
1103 4057 1197 4098 humb.

247 4131 280 4181 ΙΙ]
298 4140 310 4166 o
325 4139 406 4168 meae
420 4141 472 4180 pars
486 4130 580 4178 animno,
596 4127 627 4178 0.,
643 4127 665 4168 S.
682 4141 705 4171 u.
720 4128 765 4182 Mg.
797 4131 831 4182 12)
845 4130 1032 4182 seqquaras,
1049 4125 1197 4181 0.,8.u.Mg.

245 4197 282 4247 13)
297 4197 496 4254 ppseemines,
514 4197 546 4250 0,,
561 4197 583 4238 S.
599 4211 621 4239 u.
635 4197 682 4250 Mg.
