3134 4896
957 401 976 440 Ο

788 487 1003 556 ..54....

377 672 532 743 auduus
557 672 654 736 solum
676 669 793 752 patrios
816 667 957 728 hortatur
978 629 1089 746 nempe
1113 648 1271 739 colonos,''
1378 703 1381 708 .

509 775 587 849 Quis
609 773 734 854 fungier
757 771 836 832 dono
859 769 988 850 contigit
1010 769 1169 848 aurivago,

464 881 527 944 Sed
549 897 670 960 quoque
692 874 885 955 languidulos
909 873 948 932 de
969 872 1137 952 longinquo
1160 870 1353 953 peregrinos,

508 981 651 1062 Undique
674 979 829 1052 collectos,
852 976 1028 1037 accelerare
1052 977 1136 1050 citos,

467 1085 509 1149 ut
530 1085 615 1147 nullo
637 1079 927 1164 pretiomedicinue
950 1099 1073 1140 sumere
1095 1077 1185 1154 dona,

380 1187 451 1255 310.
512 1186 673 1252 Gustando
695 1187 815 1246 tantum
837 1182 975 1244 fonticuli
997 1183 1156 1244 modicum.

467 1290 613 1355 Crebrius
635 1288 782 1351 incultam
803 1286 911 1347 videas
932 1287 1137 1366 procumbere
1160 1285 1297 1359 turbam,

512 1393 700 1456 Volcentem
721 1391 857 1452 membra
878 1389 968 1450 litore
991 1388 1178 1469 languidola,

468 1498 512 1564 Ut
533 1498 632 1582 possis
654 1495 749 1557 varus
771 1493 913 1555 obsessos
936 1491 1065 1552 credere
1087 1491 1199 1552 morbis

507 1600 612 1662 Alione
635 1597 755 1661 Judaici
776 1596 969 1680 languidulos
990 1595 1106 1678 populi,

387 1701 458 1768 315.
475 1705 537 1775 Qui
559 1703 721 1784 quondam,
744 1699 844 1782 quinis
866 1701 897 1761 in
919 1700 1087 1781 porticibus
1111 1697 1283 1760 Salomonis

518 1805 604 1880 Fusi,
627 1804 763 1887 piscinae
786 1804 871 1865 obice
893 1803 1089 1877 Bethsaidae,
1153 1825 1157 1842 ,

470 1909 646 1983 Certabant,
668 1907 786 1968 medico
808 1907 966 1988 lympham
989 1907 1132 1968 turbante
1156 1925 1299 1987 superno,

344 2000 352 2014 ⁶
445 2069 448 2078 ,
510 2006 645 2074 Primulo
668 2010 736 2094 quis
757 2011 880 2072 morbos
903 2009 1177 2082 ablueretvarios,

468 2115 555 2197 Lege
578 2115 702 2195 quidem
723 2113 778 2174 tali
799 2113 875 2175 miro
899 2115 954 2174 sub
978 2116 1060 2174 sorte
1082 2112 1178 2195 potiti,

382 2217 453 2283 320.
511 2218 554 2282 Ut
576 2238 648 2280 mox
669 2215 797 2298 illapsus
819 2218 949 2277 exueret
971 2217 1115 2289 dedecus,

467 2322 612 2385 Pluribus
634 2321 666 2382 in
687 2321 788 2408 lucem
811 2320 968 2401 suspensis
991 2331 1086 2399 aegre
1110 2321 1300 2398 sequentem,

515 2424 578 2496 Qui
600 2444 655 2506 pro
679 2443 733 2505 spe
754 2421 839 2484 vitae
862 2422 1035 2502 efflagitant
1057 2423 1157 2495 auide,

472 2529 515 2593 Ut
536 2528 649 2610 raptim
670 2526 817 2601 medicus,
840 2546 952 2607 supero
976 2525 1014 2586 de
1039 2525 1164 2586 cardine
1186 2525 1300 2606 lapsus,

516 2631 670 2693 Turbaret
691 2629 840 2690 modicam
861 2629 913 2690 vel
935 2629 1014 2711 pede
1037 2627 1225 2710 piscinulam.

384 2732 455 2799 325.
474 2733 560 2798 Haut
582 2735 658 2796 alias
679 2733 731 2795 isti
751 2732 885 2814 cupiere,
908 2732 1015 2794 salutis
1038 2731 1133 2805 avari,

513 2834 657 2916 Tangere
679 2835 732 2896 uel
754 2837 874 2914 guttam
896 2835 1036 2896 fonticuli
1056 2835 1217 2910 minimam,

469 2939 519 3013 Et,
543 2937 638 3020 gustu
659 2939 756 3020 primo
778 2939 880 2999 ueteri
902 2939 1034 2999 sanitate
1056 2941 1192 3020 recepta,

511 3041 680 3104 Pulsabaut
703 3041 768 3103 odis
791 3041 894 3114 sidera
917 3041 1090 3116 dulcisonis,
1276 3113 1278 3116 ¹

468 3145 582 3208 Grates
604 3165 660 3228 pro
682 3147 768 3206 tanto
790 3145 957 3204 reddentes
980 3165 1107 3206 munere
1130 3143 1261 3219 Christo,

385 3247 456 3312 330.
516 3248 579 3320 Qui
601 3248 699 3309 sancti
721 3247 837 3325 meritis
860 3249 951 3327 grata
973 3249 1058 3310 dedit
1079 3248 1207 3309 miseris.

467 3351 626 3412 Laudibus
648 3369 747 3432 aeque
769 3351 870 3412 virum
892 3339 1005 3413 tollunt
1027 3352 1261 3432 eruperaethera
1274 3350 1413 3435 dignum,

395 3479 398 3487 ’
446 3457 447 3467 ’
511 3451 612 3517 Tanta
634 3450 796 3517 sui'causa
818 3453 899 3535 quod
920 3456 1050 3516 tenuere
1072 3455 1161 3517 bona.

389 3556 392 3562 ’
469 3557 625 3650 Siracet,
649 3559 795 3640 aequales
817 3556 934 3619 meritis
955 3558 1143 3641 protendere
1165 3556 1274 3621 laudes

421 3657 425 3665 '
495 3659 555 3724 'ut
576 3681 677 3724 mores
700 3661 777 3724 tanti
799 3661 943 3743 egregios
966 3661 1077 3736 duculi,

409 4126 457 4172 8⁰0.
473 4124 564 4180 fungi,
586 4126 611 4169 C.
632 4137 654 4167 u.
674 4123 698 4166 S.
725 4124 883 4190 disquirit
899 4129 1067 4181 inuporlieibut,
1082 4128 1105 4172 C.
1128 4140 1149 4168 u.
1173 4127 1196 4170 S.
1223 4128 1271 4171 319.
1292 4129 1376 4182 ulra,
1391 4130 1416 4174 c.

488 4207 510 4240 u.
531 4193 554 4238 S.
582 4195 627 4254 322³,
645 4195 730 4250 avidae,
746 4195 770 4238 C.
785 4207 807 4236 u.
821 4195 844 4241 S.
859 4197 904 4244 ³29·
920 4209 1012 4253 astrue,
1028 4197 1101 4252 Μ.;Ρ.
1110 4198 1214 4252 turrigius
1227 4197 1249 4238 ln
1261 4209 1389 4242 munere.
