3080 4892
521 473 759 540 ..331-

150 649 222 714 710.
235 651 313 714 Istis
332 649 378 710 sio
399 648 522 723 babilis,
544 649 653 712 orebro
674 649 856 714 manamine
878 650 979 714 nordio

216 755 358 834 Reginae
380 754 457 814 sotis
478 753 626 832 egregiae
648 772 764 816 memor
787 757 836 816 eut
857 754 1095 832 aedelheithae,

216 858 370 937 Regalem
392 859 476 918 uerte
499 856 630 936 cupiens
650 857 834 936 quandoque
856 857 964 920 uidere

221 961 324 1042 Ipsius
346 959 466 1033 saniem,
489 960 578 1039 eujus
599 959 706 1022 didioit
727 960 904 1022 bonitatem.

217 1063 309 1127 Unde
332 1062 454 1142 quidem
475 1061 661 1124 mandatelis
683 1063 834 1124 seoretius
856 1064 942 1137 uotis,
1032 1071 1035 1078 “

134 1164 205 1229 715.
219 1167 307 1237 Quae
328 1165 455 1228 fuerant
475 1164 560 1245 panis
582 1181 702 1228 neouon
724 1166 899 1246 praedulcia
922 1165 1043 1241 amoris,
1138 1173 1140 1182 “

221 1269 284 1331 Sub
307 1269 397 1348 signo
419 1268 492 1330 fidoi
513 1267 620 1330 firmae
641 1269 846 1332 mandauerat
866 1270 919 1332 illi.

220 1371 289 1434 Hoo
311 1391 433 1451 quoque
455 1371 592 1432 suadelis
613 1372 837 1434 exhortabatur
857 1372 971 1447 aminis,

219 1474 263 1539 Ut
284 1475 379 1536 aeleri
400 1474 527 1554 Papiam
549 1493 642 1536 eursu
664 1477 794 1554 peteret,
817 1476 999 1555 populosam

224 1577 350 1652 Urbem,
372 1596 464 1657 quam
486 1595 556 1638 oum
577 1577 702 1638 tristitia
724 1577 837 1640 dimisit
859 1597 973 1654 amara,

138 1677 210 1742 720.
227 1679 305 1754 Quo,
327 1681 506 1760 praestanto
528 1697 618 1740 sacra
639 1682 724 1758 rogis
746 1681 861 1761 pietate
883 1681 1039 1761 perennia,
1084 1679 1086 1684 ’

223 1782 283 1844 Hie
305 1783 394 1844 modo
417 1783 577 1846 sublimem
599 1783 741 1861 gaudens
762 1786 902 1863 naptaret
923 1785 1080 1860 honorem,
1137 1787 1146 1798 '

228 1884 296 1955 Quo
319 1885 405 1966 prius
427 1886 587 1966 ingentem
607 1885 712 1946 suerat
732 1905 882 1966 perpessa
903 1887 1049 1948 dolorum.

224 1987 282 2048 His
305 1988 489 2050 mandatelis
512 1988 608 2050 oessit
628 1989 739 2066 regina
761 1989 904 2068 benignis

221 2090 270 2162 Et,
304 2111 364 2170 quo
383 2093 473 2172 jussa
494 2091 561 2166 fuit,
584 2091 701 2171 pariter
722 2091 938 2154 comitantibus
960 2091 1016 2156 ivit

138 2189 210 2256 725.
226 2193 392 2255 Permultis
414 2195 623 2274 subjectorum
646 2195 752 2255 ouueia
774 2195 966 2275 populorum.

222 2296 265 2360 Ut
285 2317 345 2358 rex
367 2297 423 2357 hos
445 2297 551 2370 sensit
572 2298 661 2377 enjus
683 2298 876 2358 mandamine
899 2297 995 2370 venit,

222 2399 326 2479 Ipsius
348 2397 519 2460 Hernicum
540 2400 669 2461 fratrem
690 2400 849 2480 praecepit
871 2399 1037 2460 amandum

228 2501 333 2582 Hujus
353 2501 385 2563 in
408 2521 570 2564 oooursum
591 2503 717 2581 regredi
739 2505 825 2563 trans
848 2502 940 2564 litora
960 2501 1047 2575 Padi,
1069 2509 1071 2514 '

231 2604 274 2668 Ut
295 2604 519 2666 sublimandam
540 2606 630 2684 regni
653 2605 868 2685 splendoribus
890 2605 998 2664 heram

142 2703 213 2768 730.
229 2705 321 2768 'lauti
343 2691 538 2788 compositus¹
550 2708 636 2768 duois
657 2710 783 2770 ornaret
804 2706 978 2768 famulatus.

231 2811 293 2880 Qui
315 2810 416 2870 studio
438 2810 550 2871 mantis
571 2813 737 2892 praecepta
759 2829 893 2889 sequeus
916 2808 1055 2884 senioris,

229 2913 399 2992 Egreditur
421 2916 506 2974 oerta
529 2933 599 2974 oum
619 2914 720 2992 regali
741 2913 864 2991 legione

229 3015 399 3096 Castraque
421 3017 549 3094 reginae
570 3016 710 3095 Qudens
732 3016 820 3096 petiit
841 3015 1049 3087 venerandae,

231 3118 269 3179 ln
293 3117 361 3198 quis
383 3137 452 3180 oum
474 3118 564 3179 sooiis
586 3119 743 3180 residebat
765 3119 898 3200 denique
919 3118 1032 3192 multis,

145 3219 215 3282 735.
232 3221 324 3282 Illam
345 3222 498 3300 condigne
521 3241 637 3282 summo
660 3222 822 3283 comitatus
844 3224 970 3296 honore,

228 3324 335 3385 Donao
357 3323 462 3402 regali·
478 3327 694 3403 praesentaret
716 3323 814 3384 laoiei.

228 3427 318 3497 Quae
361 3427 471 3488 merito
493 3426 560 3506 regi
580 3427 685 3488 statim
706 3426 821 3507 pluouit
843 3426 918 3488 satis
941 3425 1009 3506 ipsi,

225 3530 423 3610 Eligituuque
445 3530 493 3590 sui
515 3549 641 3590 oonsors
664 3529 844 3609 dignissima
865 3529 965 3608 regui.

228 3737 315 3800 Tuuo
338 3755 398 3798 rex
421 3736 614 3798 sonoritate
636 3735 682 3796 rei
705 3753 836 3796 cernens
858 3733 995 3808 retineri,

166 4040 211 4083 ut.
225 4040 354 4084 maudut:
373 4041 440 4093 alls,
454 4041 500 4094 ,ἥς
528 4041 552 4082 l’.
567 4039 606 4081 bat
620 4039 668 4080 bier
689 4040 789 4082 mettere
806 4040 962 4090 certamnen,
982 4047 1024 4076 ron
1046 4035 1117 4076 danen
1138 4033 1173 4075 dte

219 4112 285 4152 letata
301 4111 473 4152 mandatelis
488 4111 530 4162 latr
547 4109 721 4162 vergi-mlii
732 4121 756 4152 u.
769 4108 815 4152 816.
844 4109 889 4152 7¹25.
905 4108 956 4147 Par
969 4105 1114 4146 munitor...
1132 4115 1173 4144 ea·

219 4191 302 4232 usos,
317 4179 340 4220 P.
362 4181 407 4223 tat.
424 4179 560 4222 Tantidouie
573 4180 720 4232 compositu,
734 4177 764 4217 li.
788 4179 833 4222 739.
849 4173 1173 4219 mantuunelneunbeutr.
