3144 4888
559 443 798 540 ..18⁷2

295 699 299 708 Ι
573 628 789 692 Sisinnins.

166 713 318 779 Prehsbei
416 753 418 760 ·
618 789 623 795 ¹

599 801 632 862 H
639 801 766 864 irena

165 885 213 950 Ae
236 887 325 952 eitius
346 887 442 952 libito.

570 969 787 1034 Sisinuius.

165 1073 214 1137 Ne
243 1075 428 1152 terreamini,
458 1074 579 1150 milites,
609 1074 772 1138 fallacibus
807 1074 900 1157 hujus
934 1070 1197 1160 blasphemiae&

170 1178 351 1259 praesagiis.

608 1262 772 1326 Milites.

166 1365 237 1428 Non
259 1368 421 1444 terremur,
445 1367 501 1430 sed
522 1367 585 1430 tuis
607 1366 782 1448 praeseptis
804 1386 915 1453 parere
937 1366 1070 1430 nitimur.

607 1502 762 1518 σὴψ-ιιι..-

573 1588 786 1653 sisinnius.

170 1693 233 1764 Qui
254 1696 328 1755 sunt
348 1692 389 1770 hi,
412 1693 542 1778 quinos
563 1694 737 1780 invadunt?
781 1691 884 1764 Quem
910 1691 1025 1755 similes
1048 1697 1120 1756 sunt
1142 1694 1197 1758 mi-

166 1795 280 1871 litibus,
304 1797 414 1877 quibus
435 1795 586 1859 Hirenam
607 1794 805 1858 tradidimus!
849 1793 915 1877 Ipsi
937 1799 1017 1858 sunt.
1051 1793 1113 1860 Cur
1135 1797 1198 1860 tam

166 1899 226 1962 cito
248 1899 462 1964 revertimini?
496 1899 566 1972 Quo
587 1899 715 1964 tenditis
738 1901 801 1962 tem
822 1900 948 1962 anheli?

596 2003 765 2066 Milites.

165 2087 212 2150 Te
235 2088 336 2171 ipsum
358 2089 541 2170 quaerimus.

573 2191 790 2254 Sisinnius

169 2293 231 2359 Ubi
253 2296 309 2370 est,
333 2313 424 2376 quam
445 2295 609 2358 traxistis?

598 2397 761 2460 Milites.

168 2483 210 2548 In
232 2483 396 2568 superefflo
416 2484 537 2548 mentis.

573 2569 790 2634 Sisinnius.

167 2653 288 2737 Cujus?
309 2654 314 2658 ’

596 2741 763 2804 Milites.

164 2827 310 2892 Proximi.

572 2912 789 2982 sisinnius.

164 3016 190 3078 Ο
215 3016 365 3079 insensati
388 3020 420 3079 et
441 3018 569 3080 hebetes
591 3018 747 3098 totiusque
769 3014 895 3078 rationis
916 3015 1096 3098 ineapaeesl

598 3120 762 3182 Milites.

163 3221 227 3287 Cur
249 3223 411 3286 causaris?
446 3223 508 3286 Cur
528 3243 607 3287 roes
629 3227 662 3286 et
682 3225 772 3286 vultu
793 3222 880 3285 nobis
901 3223 1050 3286 minaris?

566 3325 789 3390 Sisinnius.

161 3412 212 3476 Dii
233 3431 291 3476 ves
311 3412 460 3496 perdant!
598 3487 600 3492 ,

593 3494 761 3560 Milites.

162 3599 245 3672 Quid
267 3599 300 3663 in
322 3599 354 3664 te
377 3599 603 3666 commmimus?
648 3601 750 3672 Quam
779 3597 834 3662 tini
866 3592 1011 3682 injuriam
1040 3597 1193 3660 fecimus?

162 3704 251 3775 Quae
271 3707 326 3767 tus
345 3700 434 3786 jussa
455 3703 645 3785 transgressi
667 3702 798 3766 sumus?

569 3807 785 3870 sisinnius.

159 3910 270 3974 Nosne
292 3912 446 3994 praecepi,
468 3915 504 3974 ut
530 3912 680 3974 rebellem
707 3911 837 3972 deorum
866 3909 906 3974 ad
927 3907 1129 3996 turpitudinis
1150 3907 1194 3974 lo·

160 4035 229 4078 eum
251 4016 443 4079 traheretis?

184 4176 223 4241 ss]
238 4177 268 4229 So
281 4184 325 4241 *lq
343 4181 538 4241 blaspheme,
553 4181 586 4240 (3.,
604 4181 627 4225 S.
642 4195 665 4227 n.
678 4181 725 4244 lig.
