3144 4888
799 503 1036 570 -124-

493 677 583 756 »Quo
605 677 760 763 parcendo
782 681 870 742 tuum
891 679 980 741 citius
1002 681 1034 740 te
1056 678 1183 742 flectere
1206 677 1318 742 collum

488 779 571 856 „Sub
595 783 691 843 sacris
714 782 830 844 Vestae
853 783 966 866 plantis
988 783 1099 844 faciam
1121 783 1327 860 venerandae,

486 883 644 965 „Jnreque
666 889 841 948 nostrorum
862 905 976 948 numen
997 887 1122 966 placare
1146 887 1280 948 deorum.

404 981 474 1051 185.
487 985 570 1066 „Sed
593 989 627 1066 si,
650 992 713 1054 tam
734 990 838 1054 mitem
861 990 1035 1072 spernendo
1057 990 1117 1050 mei
1139 990 1294 1071 pietatem,

484 1090 754 1168 „contraluctaris
776 1111 845 1155 mea
866 1114 924 1155 nec
946 1097 1112 1176 praecepta
1135 1093 1285 1172 sequaris,

483 1194 594 1270 „Ultra
616 1217 676 1258 non
699 1215 801 1278 parco,
824 1198 888 1271 sed,
910 1197 973 1257 vim
991 1197 1107 1277 justam
1129 1196 1278 1268 faciendo,

484 1297 626 1374 „Mando
649 1301 706 1360 sub
728 1302 897 1361 obscoenae
919 1300 1045 1360 latebris
1066 1303 1097 1360 te
1120 1300 1257 1360 claudier
1278 1299 1375 1375 aedis,

485 1400 543 1474 „In
566 1421 626 1480 qua
649 1403 824 1464 criminibus
846 1406 954 1484 turpes
977 1403 1115 1482 gaudent
1135 1402 1289 1478 mulieres,

403 1497 473 1563 190.
488 1501 548 1577 „Et
570 1504 681 1565 faciam
702 1507 890 1588 pollutarum
912 1506 1024 1567 sociam
1046 1506 1251 1581 meretricum,

482 1604 571 1679 „Quin
592 1611 635 1680 tu,
659 1627 738 1688 quae
762 1610 847 1669 clara
868 1610 966 1690 polles
989 1609 1027 1668 de
1050 1608 1146 1688 stirpe
1168 1606 1282 1681 creata,

487 1709 649 1784 „Dedecus
673 1731 761 1773 omne
784 1713 845 1773 tuis
868 1713 909 1772 sis
932 1715 963 1772 et
983 1711 1121 1772 confusio
1143 1711 1271 1790 turpis.“

485 1811 529 1872 At
551 1832 640 1874 sacra
661 1815 748 1894 virgo
770 1814 859 1875 minis
882 1814 1007 1874 nimium
1029 1813 1187 1893 trepidans
1210 1831 1304 1892 super
1325 1811 1401 1887 istis,

482 1913 640 1976 Audacter
662 1937 735 1978 mox
756 1919 914 1998 praefecto
936 1916 1021 1976 dedit
1041 1915 1101 1976 ista
1123 1934 1287 1996 responsa:

400 2011 469 2077 195.
483 2015 538 2089 „Si
559 2020 593 2078 tu
613 2037 744 2098 nemque
758 2021 858 2080 Deum
879 2019 975 2079 scires
997 2019 1088 2090 hunc,
1111 2037 1203 2097 quem
1224 2017 1291 2078 colo
1306 2035 1426 2091 rerum,

483 2119 650 2199 „Illiusque
673 2125 857 2202 potestatem
879 2123 944 2182 sine
967 2122 1027 2182 fine
1050 2122 1217 2200 rigentem,

480 2222 570 2297 „Qua
592 2243 713 2306 semper
735 2226 874 2307 proprios
895 2225 946 2305 pie
968 2223 1169 2285 confortando
1192 2221 1356 2296 ministros,

482 2325 630 2406 „Antiqui
652 2328 777 2391 fraudes
800 2332 896 2392 hostis
919 2329 1130 2407 confringeret
1151 2344 1265 2401 omnes,

483 2428 591 2502 „Talia
613 2434 709 2493 verba
731 2436 784 2496 tuo
805 2435 904 2495 nolles
926 2434 1114 2514 profundere
1136 2433 1247 2504 rostro,

396 2524 468 2591 200.
485 2531 570 2605 „Nee
592 2535 665 2595 mihi
687 2539 823 2597 terrores
846 2538 936 2598 toties
958 2553 1150 2618 praeponere
1173 2533 1287 2594 tristes.

483 2633 583 2707 „llino
606 2657 673 2717 ego,
698 2658 785 2718 quae,
809 2641 954 2700 sectando
978 2640 1069 2701 fidem
1091 2635 1205 2698 Christi
1226 2635 1392 2707 meliorem,

481 2736 594 2811 „Illum
616 2759 766 2819 cognosco
787 2762 907 2803 necnon
931 2759 1099 2820 cognoscor
1122 2739 1159 2798 ab
1182 2737 1243 2811 illo,

480 2839 602 2920 „Ipsius
624 2843 736 2905 dextra
757 2864 805 2905 me
829 2844 1015 2906 defendente
1038 2859 1181 2922 superna,

481 2941 599 3022 „Spero
622 2944 725 3006 delicti
745 2966 911 3026 numquam
932 2945 1059 3006 maculis
1081 2941 1199 3014 violari,

395 3038 468 3103 205.
486 3042 615 3118 „Carnis
637 3048 799 3128 spurcitias
821 3049 941 3128 fragilis
963 3049 1020 3107 sed
1041 3046 1168 3106 vincere
1191 3045 1345 3104 cunetas.“

480 3146 537 3206 His
560 3147 657 3223 dictis,
681 3169 784 3225 saeva,
806 3169 942 3232 praeses,
965 3149 1141 3211 commotior
1163 3147 1217 3221 ira,

480 3249 629 3312 Ooelestss
651 3271 794 3333 sponsam
815 3255 899 3333 regis
918 3255 1012 3335 jussit
1033 3251 1243 3314 venerandam

478 3351 626 3415 Vestibus
649 3359 783 3430 exutam,
806 3361 869 3441 toto
893 3377 1013 3438 quoque
1036 3375 1164 3436 corpore
1186 3352 1309 3428 nudam,

480 3453 691 3520 Concurrente
714 3461 794 3521 trahi
817 3461 1032 3522 conventiculo
1055 3457 1203 3540 populari,

392 3553 464 3619 210.
476 3558 575 3640 Inque
598 3563 753 3644 lupanaris
775 3565 899 3644 nigrum
921 3562 1097 3626 concludier
1120 3563 1251 3633 antrum,

478 3661 517 3722 In
540 3685 598 3744 quo
619 3667 727 3727 lascivi
746 3669 887 3748 juvenes,
910 3666 1037 3728 rationis
1060 3662 1161 3742 egeni,

479 3763 635 3847 Colloquio
658 3770 880 3830 scelerosarum
902 3769 1040 3848 gaudent
1061 3763 1230 3826 mulierum.

392 3955 597 3966 ——-—--.-.

418 4069 465 4114 nst,
479 4068 1251 4126 rnreqoe‚c.;nemnm,n.;seorsu,t³.1te.nrnne,n.;
1267 4075 1421 4123 sequeris!

485 4139 509 4182 8.
534 4141 576 4186 198.
593 4141 732 4194 Aulique,
751 4142 781 4184 Μ.
802 4155 823 4182 u.
839 4142 873 4195 l’.;
889 4141 1063 4193 confringit
1085 4142 1111 4180 et
1130 4149 1216 4194 eumer,
1238 4143 1262 4185 c.
1277 4155 1299 4185 u.
1316 4141 1338 4183 s.
1372 4145 1421 4188 1ιιι).

483 4209 551 4264 loque
566 4210 680 4264 lupanaris
697 4210 793 4261 jussit
807 4210 935 4253 concludier
947 4209 1060 4262 antris,
1074 4209 1097 4251 C.
1112 4223 1133 4253 u.
1146 4209 1168 4251 S.

1562 1365 1569 1450 t
