3080 4892
543 444 782 515 -295-

540 619 778 720 Hadrianus.

143 729 214 792 Hoc
234 728 289 792 fiat
310 729 426 807 absque
447 744 541 788 mora.

580 863 761 874 ———-

548 947 783 1010 Antiochus.
975 1013 978 1019 ,

142 1057 266 1136 Detege
288 1054 405 1130 duram,
430 1050 558 1129 uarias,
593 1052 747 1114 cervicem
776 1053 808 1114 eb
836 1051 955 1115 sustine
983 1054 1176 1136 percussoris

144 1180 257 1222 ensem.

577 1238 746 1304 Caritas.

142 1349 181 1412 In
204 1351 263 1410 hoc
284 1365 346 1409 nou
367 1344 485 1407 renilor
506 1343 664 1422 iniretis,
687 1346 744 1407 sed
764 1343 864 1408 libens
885 1365 980 1428 pareo
999 1345 1104 1429 jussis.
1156 1343 1168 1360 ”

534 1445 766 1529 ‘Sapientia

142 1556 241 1631 Nune,
264 1573 355 1629 nunc,
378 1552 450 1628 filia,
471 1551 699 1631 gratulandum,
727 1551 864 1614 nuncin
886 1549 1007 1614 Christo
1030 1553 1079 1614 esi
1100 1572 1177 1633 gau·

142 1660 285 1733 dendum,
308 1677 366 1718 neo
389 1658 446 1733 esi,
469 1675 549 1736 quae
571 1655 673 1736 mell)
695 1655 844 1733 mordeat,
868 1675 950 1731 cura,
973 1657 1046 1737 quia
1067 1674 1178 1719 secura

143 1783 211 1826 sum
234 1763 272 1824 de
295 1763 349 1823 lua
370 1759 508 1822 victoria.

577 1841 691 1906 Oaril
677 1846 748 1906 las

143 1951 283 2032 inprime
305 1950 387 2026 mihi,
405 1950 513 2026 mater,
530 1949 719 2010 osculumt
686 1967 703 2008 c
705 1946 953 2010 t'teommenda
927 1968 939 2008 1
940 1949 1043 2010 turum
1056 1897 1177 2040 Christo

142 2055 292 2137 spiritum

546 2135 773 2218 Sapientia.

143 2245 249 2315 Quia
251 2263 267 2304 e
298 2243 329 2303 in
360 2262 429 2303 meo
459 2261 479 2302 u
481 2245 548 2303 bero
570 2237 787 2316 vivificavit,
778 2259 845 2323 rpse
867 2241 1016 2348 suscipial
1037 2241 1178 2319 animam,

141 2366 234 2429 quam
257 2347 401 2408 coelibus
399 2343 582 2426 inspiravil.

576 2444 692 2510 Oaril
678 2449 749 2509 las.

141 2553 220 2631 Tibi,
243 2551 382 2627 Christe,
412 2551 519 2632 gloria,
543 2550 595 2632 qui
616 2569 666 2612 me
688 2551 729 2611 ad
749 2552 782 2613 le
804 2549 924 2613 vocasti
946 2568 1016 2614 cum
1035 2551 1178 2636 martyrii

41 2703 46 2712 ,
139 2658 252 2740 pfflma

545 2739 769 2824 Sapientia.

140 2845 231 2923 Vale,
264 2845 370 2927 proles
400 2842 588 2920 dulcissima,
623 2846 654 2905 eb
687 2863 756 2906 oum
778 2841 900 2906 Christo
927 2843 1067 2926 jungaris
1081 2844 1121 2928 ⁵⁷)
1143 2845 1177 2908 iu

141 2950 237 3011 coelo.
281 2947 437 3009 Memento
463 2947 579 3022 matris,
607 2949 672 3030 jam
700 2949 840 3010 matrona
869 2947 1040 3032 effectaffl)
1069 2952 1101 3012 be
1122 2965 1176 3032 pa-

139 3053 257 3114 niculis.
275 3087 320 3097 —
335 3049 513 3126 Conuenite,
525 3051 662 3113 illustres
684 3053 852 3130 matronae,
872 3041 1064 3117 el'mearum
1085 3053 1177 3115 cada·

141 3173 220 3218 vera
240 3155 373 3217 filiarum
393 3173 514 3216 mecum
536 3155 674 3234 sepelite.

544 3255 766 3319 Matronae.

142 3361 335 3444 corpuscula
364 3359 551 3423 aromatibus
582 3360 740 3422 condimus
770 3362 802 3424 cb
830 3361 979 3444 exequias
1007 3363 1176 3428 honorifice

141 3467 342 3529 celebramus

545 3548 732 3631 Sapienl
723 3568 768 3612 ra

143 3651 279 3718 Grandis
301 3653 477 3734 benignitas
500 3654 533 3716 ci
552 3653 631 3716 mira
652 3653 702 3734 pie
703 3655 760 3730 tas,
783 3671 876 3734 quam
907 3653 982 3715 mihi
1009 3589 1177 3736 impenditis

139 3758 263 3840 meique
284 3757 425 3823 mortuis
967 3785 992 3801 »-

167 3961 272 4016 omme,
291 3957 347 3999 fehlt
367 3959 389 3998 ln
411 3957 435 4000 c.
457 3969 479 3998 ιι.
501 3955 525 3999 S.
551 3957 752 4012 bancingnis,
775 3957 808 4012 0,,
827 3955 850 4000 S.
869 3969 892 4001 u.
913 3957 958 4012 big.
992 3959 1177 4012 58)malrona

220 4027 343 4081 effecta,
360 4027 404 4077 M.;
419 4030 575 4068 matronae
591 4027 735 4081 effectae,
751 4019 955 4083 0.;‘matronae
971 4025 1096 4080 effetae,
1113 4023 1136 4068 S.
1152 4039 1174 4071 u.

220 4097 281 4152 Mg.;
297 4099 427 4138 matrona
447 4095 557 4138 ellectu
572 4098 614 4138 bc.
627 4097 744 4151 quaejam
759 4101 862 4140 matrona
875 4095 953 4138 effectu
967 4098 1022 4150 erat,
1037 4107 1106 4149 quum
1119 4099 1174 4154 etc.;

220 4165 436 4208 matrona-bitere
450 4163 533 4207 Frau.
