<?xml version="1.0" encoding="UTF-8"?>
<!DOCTYPE html PUBLIC "-//W3C//DTD XHTML 1.0 Transitional//EN"
    "http://www.w3.org/TR/xhtml1/DTD/xhtml1-transitional.dtd">
<html xmlns="http://www.w3.org/1999/xhtml" xml:lang="en" lang="en">
 <head>
  <title>
</title>
<meta http-equiv="Content-Type" content="text/html;charset=utf-8" />
  <meta name='ocr-system' content='tesseract 3.04.00' />
  <meta name='ocr-capabilities' content='ocr_page ocr_carea ocr_par ocr_line ocrx_word'/>
</head>
<body>
  <div class='ocr_page' id='page_1' title='image "./diewerkederhrot00hrotgoog_0200.png"; bbox 0 0 3144 4888; ppageno 0'>
   <div class='ocr_carea' id='block_1_1' title="bbox 540 483 777 558">
    <p class='ocr_par' dir='ltr' id='par_1_1' title="bbox 540 483 777 558">
     <span class='ocr_line' id='line_1_1' title="bbox 540 483 777 558; baseline 0.004 -1"><span class='ocrx_word' id='word_1_1' title='bbox 540 483 777 558; x_wconf 80' lang='lat'>-121-·-</span> 
     </span>
    </p>
   </div>
   <div class='ocr_carea' id='block_1_2' title="bbox 140 662 1169 3842">
    <p class='ocr_par' dir='ltr' id='par_1_2' title="bbox 226 662 1115 748">
     <span class='ocr_line' id='line_1_2' title="bbox 226 662 1115 748; baseline 0.002 -20"><span class='ocrx_word' id='word_1_2' title='bbox 226 663 349 744; x_wconf 78' lang='lat' dir='ltr'><strong>„Quem</strong></span> <span class='ocrx_word' id='word_1_3' title='bbox 372 665 473 733; x_wconf 81' lang='lat' dir='ltr'><strong>lbteor</strong></span> <span class='ocrx_word' id='word_1_4' title='bbox 495 662 594 729; x_wconf 87' lang='lat' dir='ltr'><strong>solnm</strong></span> <span class='ocrx_word' id='word_1_5' title='bbox 615 683 690 748; x_wconf 87' lang='lat' dir='ltr'><strong>prae</strong></span> <span class='ocrx_word' id='word_1_6' title='bbox 712 664 831 730; x_wconf 89' lang='lat' dir='ltr'><strong>cunetis</strong></span> <span class='ocrx_word' id='word_1_7' title='bbox 853 685 922 730; x_wconf 87' lang='lat' dir='ltr'><strong>esse</strong></span> <span class='ocrx_word' id='word_1_8' title='bbox 945 664 1115 732; x_wconf 85' lang='lat' dir='ltr'><strong>colendum</strong></span> 
     </span>
    </p>

    <p class='ocr_par' dir='ltr' id='par_1_3' title="bbox 163 766 1051 1262">
     <span class='ocr_line' id='line_1_3' title="bbox 163 766 976 851; baseline 0 -19"><span class='ocrx_word' id='word_1_9' title='bbox 163 766 213 832; x_wconf 83' lang='lat'><strong>90.</strong></span> <span class='ocrx_word' id='word_1_10' title='bbox 229 770 308 846; x_wconf 85' lang='lat' dir='ltr'><strong>„Ille</strong></span> <span class='ocrx_word' id='word_1_11' title='bbox 331 770 455 849; x_wconf 90' lang='lat' dir='ltr'><strong>quidem</strong></span> <span class='ocrx_word' id='word_1_12' title='bbox 475 769 546 832; x_wconf 81' lang='lat' dir='ltr'><strong>tulis</strong></span> <span class='ocrx_word' id='word_1_13' title='bbox 569 789 618 831; x_wconf 90' lang='lat' dir='ltr'><strong>me</strong></span> <span class='ocrx_word' id='word_1_14' title='bbox 642 771 842 851; x_wconf 75' lang='lat' dir='ltr'><strong>desponsavit</strong></span> <span class='ocrx_word' id='word_1_15' title='bbox 863 771 976 834; x_wconf 81' lang='lat' dir='ltr'><strong>amoris</strong></span> 
     </span>
     <span class='ocr_line' id='line_1_4' title="bbox 228 873 1045 954; baseline 0.002 -20"><span class='ocrx_word' id='word_1_16' title='bbox 228 873 382 952; x_wconf 81' lang='lat' dir='ltr'>„Pignore</span> <span class='ocrx_word' id='word_1_17' title='bbox 406 893 464 934; x_wconf 89' lang='lat' dir='ltr'><strong>oen</strong></span> <span class='ocrx_word' id='word_1_18' title='bbox 487 891 639 954; x_wconf 81' lang='lat' dir='ltr'>sponsam,</span> <span class='ocrx_word' id='word_1_19' title='bbox 662 876 747 936; x_wconf 87' lang='lat' dir='ltr'><strong>clara</strong></span> <span class='ocrx_word' id='word_1_20' title='bbox 768 875 901 938; x_wconf 85' lang='lat' dir='ltr'><strong>dotando</strong></span> <span class='ocrx_word' id='word_1_21' title='bbox 924 893 1045 949; x_wconf 86' lang='lat' dir='ltr'><strong>corona,</strong></span> 
     </span>
     <span class='ocr_line' id='line_1_5' title="bbox 226 977 1051 1058; baseline -0.001 -20"><span class='ocrx_word' id='word_1_22' title='bbox 226 977 349 1057; x_wconf 82' lang='lat' dir='ltr'>„Atque</span> <span class='ocrx_word' id='word_1_23' title='bbox 372 997 475 1038; x_wconf 90' lang='lat' dir='ltr'><strong>meum</strong></span> <span class='ocrx_word' id='word_1_24' title='bbox 496 979 625 1057; x_wconf 87' lang='lat' dir='ltr'><strong>gemmis</strong></span> <span class='ocrx_word' id='word_1_25' title='bbox 647 978 759 1039; x_wconf 87' lang='lat' dir='ltr'><strong>collum</strong></span> <span class='ocrx_word' id='word_1_26' title='bbox 781 978 878 1039; x_wconf 84' lang='lat' dir='ltr'><strong>cinxit</strong></span> <span class='ocrx_word' id='word_1_27' title='bbox 899 978 1051 1058; x_wconf 81' lang='lat' dir='ltr'><strong>pretiosis,</strong></span> 
     </span>
     <span class='ocr_line' id='line_1_6' title="bbox 226 1065 1032 1162; baseline -0.002 -20"><span class='ocrx_word' id='word_1_28' title='bbox 226 1081 382 1156; x_wconf 81' lang='lat' dir='ltr'><strong>„Auribus</strong></span> <span class='ocrx_word' id='word_1_29' title='bbox 406 1083 438 1141; x_wconf 91' lang='lat' dir='ltr'><strong>et</strong></span> <span class='ocrx_word' id='word_1_30' title='bbox 459 1081 695 1162; x_wconf 77' lang='lat' dir='ltr'><strong>resplendentes</strong></span> <span class='ocrx_word' id='word_1_31' title='bbox 718 1081 878 1162; x_wconf 86' lang='lat' dir='ltr'><strong>suspendit</strong></span> <span class='ocrx_word' id='word_1_32' title='bbox 899 1065 1032 1156; x_wconf 85' lang='lat' dir='ltr'><strong>inaures,</strong></span> 
     </span>
     <span class='ocr_line' id='line_1_7' title="bbox 226 1183 1005 1262; baseline -0.001 -16"><span class='ocrx_word' id='word_1_33' title='bbox 226 1184 404 1262; x_wconf 87' lang='lat' dir='ltr'><strong>„Praebens</strong></span> <span class='ocrx_word' id='word_1_34' title='bbox 427 1187 554 1246; x_wconf 87' lang='lat' dir='ltr'><strong>ornatus</strong></span> <span class='ocrx_word' id='word_1_35' title='bbox 577 1184 655 1244; x_wconf 86' lang='lat' dir='ltr'><strong>varii</strong></span> <span class='ocrx_word' id='word_1_36' title='bbox 677 1184 777 1245; x_wconf 89' lang='lat' dir='ltr'><strong>claros</strong></span> <span class='ocrx_word' id='word_1_37' title='bbox 799 1183 872 1246; x_wconf 91' lang='lat' dir='ltr'><strong>mihi</strong></span> <span class='ocrx_word' id='word_1_38' title='bbox 895 1184 1005 1246; x_wconf 89' lang='lat' dir='ltr'><strong>cultus.</strong></span> 
     </span>
    </p>

    <p class='ocr_par' dir='ltr' id='par_1_4' title="bbox 163 1284 868 1368">
     <span class='ocr_line' id='line_1_8' title="bbox 163 1284 868 1368; baseline -0.004 -19"><span class='ocrx_word' id='word_1_39' title='bbox 163 1284 213 1350; x_wconf 85' lang='lat'><strong>95.</strong></span> <span class='ocrx_word' id='word_1_40' title='bbox 228 1288 350 1368; x_wconf 89' lang='lat' dir='ltr'><strong>„Ipsius</strong></span> <span class='ocrx_word' id='word_1_41' title='bbox 373 1289 458 1348; x_wconf 85' lang='lat' dir='ltr'><strong>certe</strong></span> <span class='ocrx_word' id='word_1_42' title='bbox 481 1287 610 1348; x_wconf 78' lang='lat' dir='ltr'><strong>dulcedo</strong></span> <span class='ocrx_word' id='word_1_43' title='bbox 632 1287 724 1348; x_wconf 83' lang='lat' dir='ltr'><strong>fluxit</strong></span> <span class='ocrx_word' id='word_1_44' title='bbox 746 1289 783 1348; x_wconf 87' lang='lat' dir='ltr'><strong>ab</strong></span> <span class='ocrx_word' id='word_1_45' title='bbox 806 1307 868 1362; x_wconf 85' lang='lat' dir='ltr'><strong>ore,</strong></span> 
     </span>
    </p>

    <p class='ocr_par' dir='ltr' id='par_1_5' title="bbox 224 1390 1169 1780">
     <span class='ocr_line' id='line_1_9' title="bbox 226 1390 986 1470; baseline -0.021 -3"><span class='ocrx_word' id='word_1_46' title='bbox 226 1391 336 1466; x_wconf 75' lang='lat' dir='ltr'><strong>„Quae</strong></span> <span class='ocrx_word' id='word_1_47' title='bbox 356 1411 405 1451; x_wconf 88' lang='lat' dir='ltr'><strong>me</strong></span> <span class='ocrx_word' id='word_1_48' title='bbox 427 1391 563 1464; x_wconf 85' lang='lat' dir='ltr'><strong>laetavit,</strong></span> <span class='ocrx_word' id='word_1_49' title='bbox 586 1390 668 1452; x_wconf 93' lang='lat' dir='ltr'><strong>dulci</strong></span> <span class='ocrx_word' id='word_1_50' title='bbox 689 1391 841 1470; x_wconf 87' lang='lat' dir='ltr'><strong>pastuque</strong></span> <span class='ocrx_word' id='word_1_51' title='bbox 864 1391 986 1466; x_wconf 86' lang='lat' dir='ltr'><strong>cibavit,</strong></span> 
     </span>
     <span class='ocr_line' id='line_1_10' title="bbox 227 1491 1000 1574; baseline -0.001 -19"><span class='ocrx_word' id='word_1_52' title='bbox 227 1491 313 1570; x_wconf 81' lang='lat' dir='ltr'><strong>„Ceu</strong></span> <span class='ocrx_word' id='word_1_53' title='bbox 333 1496 441 1554; x_wconf 89' lang='lat' dir='ltr'><strong>nectar</strong></span> <span class='ocrx_word' id='word_1_54' title='bbox 462 1493 570 1568; x_wconf 86' lang='lat' dir='ltr'><strong>mellis,</strong></span> <span class='ocrx_word' id='word_1_55' title='bbox 593 1493 698 1554; x_wconf 86' lang='lat' dir='ltr'><strong>suevis</strong></span> <span class='ocrx_word' id='word_1_56' title='bbox 719 1493 772 1554; x_wconf 82' lang='lat' dir='ltr'><strong>vel</strong></span> <span class='ocrx_word' id='word_1_57' title='bbox 795 1494 881 1574; x_wconf 91' lang='lat' dir='ltr'><strong>copia</strong></span> <span class='ocrx_word' id='word_1_58' title='bbox 903 1494 1000 1556; x_wconf 88' lang='lat' dir='ltr'><strong>laetis.</strong></span> 
     </span>
     <span class='ocr_line' id='line_1_11' title="bbox 227 1596 1169 1676; baseline 0 -20"><span class='ocrx_word' id='word_1_59' title='bbox 227 1596 379 1676; x_wconf 89' lang='lat' dir='ltr'><strong>„Insuper</strong></span> <span class='ocrx_word' id='word_1_60' title='bbox 402 1600 433 1657; x_wconf 90' lang='lat' dir='ltr'><strong>et</strong></span> <span class='ocrx_word' id='word_1_61' title='bbox 453 1598 621 1658; x_wconf 84' lang='lat' dir='ltr'><strong>thalamum</strong></span> <span class='ocrx_word' id='word_1_62' title='bbox 642 1597 779 1658; x_wconf 88' lang='lat' dir='ltr'><strong>mihimet</strong></span> <span class='ocrx_word' id='word_1_63' title='bbox 801 1599 975 1659; x_wconf 83' lang='lat' dir='ltr'><strong>construxit</strong></span> <span class='ocrx_word' id='word_1_64' title='bbox 995 1596 1026 1658; x_wconf 92' lang='lat' dir='ltr'><strong>in</strong></span> <span class='ocrx_word' id='word_1_65' title='bbox 1049 1613 1169 1672; x_wconf 84' lang='lat' dir='ltr'><strong>aevum,</strong></span> 
     </span>
     <span class='ocr_line' id='line_1_12' title="bbox 224 1699 995 1780; baseline 0.001 -21"><span class='ocrx_word' id='word_1_66' title='bbox 224 1699 414 1775; x_wconf 87' lang='lat' dir='ltr'><strong>„Lucentem</strong></span> <span class='ocrx_word' id='word_1_67' title='bbox 436 1701 564 1778; x_wconf 86' lang='lat' dir='ltr'><strong>gemmis</strong></span> <span class='ocrx_word' id='word_1_68' title='bbox 586 1699 681 1760; x_wconf 87' lang='lat' dir='ltr'><strong>variis</strong></span> <span class='ocrx_word' id='word_1_69' title='bbox 703 1702 831 1780; x_wconf 85' lang='lat' dir='ltr'><strong>aurique</strong></span> <span class='ocrx_word' id='word_1_70' title='bbox 852 1701 995 1775; x_wconf 86' lang='lat' dir='ltr'><strong>metallis,</strong></span> 
     </span>
    </p>

    <p class='ocr_par' dir='ltr' id='par_1_6' title="bbox 143 1799 1103 2297">
     <span class='ocr_line' id='line_1_13' title="bbox 143 1799 1010 1883; baseline -0.001 -19"><span class='ocrx_word' id='word_1_71' title='bbox 143 1799 212 1865; x_wconf 89' lang='grc'><strong>100.</strong></span> <span class='ocrx_word' id='word_1_72' title='bbox 227 1802 374 1881; x_wconf 86' lang='lat' dir='ltr'><strong>„Organa</strong></span> <span class='ocrx_word' id='word_1_73' title='bbox 395 1802 535 1863; x_wconf 89' lang='lat' dir='ltr'><strong>melodiis</strong></span> <span class='ocrx_word' id='word_1_74' title='bbox 557 1804 588 1864; x_wconf 93' lang='lat' dir='ltr'><strong>in</strong></span> <span class='ocrx_word' id='word_1_75' title='bbox 612 1824 671 1883; x_wconf 91' lang='lat' dir='ltr'><strong>quo</strong></span> <span class='ocrx_word' id='word_1_76' title='bbox 694 1803 867 1865; x_wconf 90' lang='lat' dir='ltr'><strong>resonando</strong></span> <span class='ocrx_word' id='word_1_77' title='bbox 890 1804 1010 1864; x_wconf 87' lang='lat' dir='ltr'><strong>canoris</strong></span> 
     </span>
     <span class='ocr_line' id='line_1_14' title="bbox 225 1903 1103 1988; baseline 0.002 -22"><span class='ocrx_word' id='word_1_78' title='bbox 225 1903 376 1980; x_wconf 84' lang='lat' dir='ltr'><strong>„Carmen</strong></span> <span class='ocrx_word' id='word_1_79' title='bbox 398 1906 488 1966; x_wconf 88' lang='lat' dir='ltr'><strong>dulos</strong></span> <span class='ocrx_word' id='word_1_80' title='bbox 509 1905 584 1966; x_wconf 91' lang='lat' dir='ltr'><strong>mibi</strong></span> <span class='ocrx_word' id='word_1_81' title='bbox 605 1909 732 1968; x_wconf 84' lang='lat' dir='ltr'><strong>cantent</strong></span> <span class='ocrx_word' id='word_1_82' title='bbox 752 1927 808 1988; x_wconf 90' lang='lat' dir='ltr'><strong>per</strong></span> <span class='ocrx_word' id='word_1_83' title='bbox 830 1910 969 1988; x_wconf 86' lang='lat' dir='ltr'><strong>tempora</strong></span> <span class='ocrx_word' id='word_1_84' title='bbox 992 1905 1103 1984; x_wconf 84' lang='lat' dir='ltr'><strong>saocli;</strong></span> 
     </span>
     <span class='ocr_line' id='line_1_15' title="bbox 226 2007 996 2090; baseline 0.001 -22"><span class='ocrx_word' id='word_1_85' title='bbox 226 2007 287 2084; x_wconf 91' lang='lat' dir='ltr'><strong>„Et</strong></span> <span class='ocrx_word' id='word_1_86' title='bbox 308 2009 434 2090; x_wconf 84' lang='lat' dir='ltr'><strong>pariter,</strong></span> <span class='ocrx_word' id='word_1_87' title='bbox 457 2012 562 2090; x_wconf 90' lang='lat' dir='ltr'><strong>sponsi</strong></span> <span class='ocrx_word' id='word_1_88' title='bbox 583 2010 691 2070; x_wconf 90' lang='lat' dir='ltr'><strong>laudes</strong></span> <span class='ocrx_word' id='word_1_89' title='bbox 712 2011 902 2074; x_wconf 81' lang='lat' dir='ltr'><strong>modulantis</strong></span> <span class='ocrx_word' id='word_1_90' title='bbox 924 2011 996 2086; x_wconf 83' lang='lat' dir='ltr'><strong>cari,</strong></span> 
     </span>
     <span class='ocr_line' id='line_1_16' title="bbox 224 2110 1042 2192; baseline 0.004 -21"><span class='ocrx_word' id='word_1_91' title='bbox 224 2110 332 2186; x_wconf 86' lang='lat' dir='ltr'><strong>„Illius</strong></span> <span class='ocrx_word' id='word_1_92' title='bbox 355 2111 497 2174; x_wconf 87' lang='lat' dir='ltr'><strong>affectum</strong></span> <span class='ocrx_word' id='word_1_93' title='bbox 519 2131 642 2192; x_wconf 86' lang='lat' dir='ltr'><strong>semper</strong></span> <span class='ocrx_word' id='word_1_94' title='bbox 664 2115 797 2175; x_wconf 82' lang='lat' dir='ltr'><strong>suadent</strong></span> <span class='ocrx_word' id='word_1_95' title='bbox 818 2115 892 2174; x_wconf 90' lang='lat' dir='ltr'><strong>mihi</strong></span> <span class='ocrx_word' id='word_1_96' title='bbox 914 2123 1042 2187; x_wconf 89' lang='lat' dir='ltr'><strong>castum,</strong></span> 
     </span>
     <span class='ocr_line' id='line_1_17' title="bbox 225 2213 1023 2297; baseline 0.005 -23"><span class='ocrx_word' id='word_1_97' title='bbox 225 2213 366 2289; x_wconf 83' lang='lat' dir='ltr'><strong>„Affeotu</strong></span> <span class='ocrx_word' id='word_1_98' title='bbox 388 2235 479 2295; x_wconf 87' lang='lat' dir='ltr'><strong>quem</strong></span> <span class='ocrx_word' id='word_1_99' title='bbox 501 2219 621 2276; x_wconf 83' lang='lat' dir='ltr'><strong>secreto</strong></span> <span class='ocrx_word' id='word_1_100' title='bbox 644 2215 761 2297; x_wconf 88' lang='lat' dir='ltr'><strong>(quum)</strong></span> <span class='ocrx_word' id='word_1_101' title='bbox 784 2217 884 2278; x_wconf 87' lang='lat' dir='ltr'><strong>cordis</strong></span> <span class='ocrx_word' id='word_1_102' title='bbox 907 2219 1023 2291; x_wconf 84' lang='lat' dir='ltr'><strong>amabo,</strong></span> 
     </span>
    </p>

    <p class='ocr_par' dir='ltr' id='par_1_7' title="bbox 142 2312 1135 2708">
     <span class='ocr_line' id='line_1_18' title="bbox 142 2312 991 2400; baseline 0.004 -23"><span class='ocrx_word' id='word_1_103' title='bbox 142 2312 211 2378; x_wconf 87' lang='lat'>105.</span> <span class='ocrx_word' id='word_1_104' title='bbox 223 2317 335 2392; x_wconf 85' lang='lat' dir='ltr'><strong>„Nulla</strong></span> <span class='ocrx_word' id='word_1_105' title='bbox 357 2318 505 2398; x_wconf 86' lang='lat' dir='ltr'><strong>puellaris</strong></span> <span class='ocrx_word' id='word_1_106' title='bbox 527 2319 627 2398; x_wconf 89' lang='lat' dir='ltr'><strong>patior</strong></span> <span class='ocrx_word' id='word_1_107' title='bbox 650 2319 834 2380; x_wconf 89' lang='lat' dir='ltr'><strong>detrimenta</strong></span> <span class='ocrx_word' id='word_1_108' title='bbox 855 2319 991 2400; x_wconf 87' lang='lat' dir='ltr'><strong>pudoris.</strong></span> 
     </span>
     <span class='ocr_line' id='line_1_19' title="bbox 228 2418 1013 2503; baseline 0.001 -23"><span class='ocrx_word' id='word_1_109' title='bbox 228 2418 315 2496; x_wconf 76' lang='lat' dir='ltr'><strong>„Ast</strong></span> <span class='ocrx_word' id='word_1_110' title='bbox 338 2421 390 2480; x_wconf 91' lang='lat' dir='ltr'><strong>ubi</strong></span> <span class='ocrx_word' id='word_1_111' title='bbox 411 2422 491 2482; x_wconf 86' lang='lat' dir='ltr'><strong>forte</strong></span> <span class='ocrx_word' id='word_1_112' title='bbox 515 2421 563 2482; x_wconf 94' lang='lat' dir='ltr'><strong>sui</strong></span> <span class='ocrx_word' id='word_1_113' title='bbox 584 2441 704 2483; x_wconf 87' lang='lat' dir='ltr'><strong>merear</strong></span> <span class='ocrx_word' id='word_1_114' title='bbox 727 2423 937 2503; x_wconf 84' lang='lat' dir='ltr'><strong>complexibus</strong></span> <span class='ocrx_word' id='word_1_115' title='bbox 960 2422 1013 2495; x_wconf 90' lang='lat' dir='ltr'><strong>uti,</strong></span> 
     </span>
     <span class='ocr_line' id='line_1_20' title="bbox 226 2523 1135 2606; baseline 0 -22"><span class='ocrx_word' id='word_1_116' title='bbox 226 2523 321 2604; x_wconf 84' lang='lat' dir='ltr'><strong>„Ejus</strong></span> <span class='ocrx_word' id='word_1_117' title='bbox 345 2527 376 2584; x_wconf 90' lang='lat' dir='ltr'><strong>et</strong></span> <span class='ocrx_word' id='word_1_118' title='bbox 397 2524 430 2585; x_wconf 91' lang='lat' dir='ltr'><strong>in</strong></span> <span class='ocrx_word' id='word_1_119' title='bbox 452 2526 627 2600; x_wconf 86' lang='lat' dir='ltr'><strong>thalamum,</strong></span> <span class='ocrx_word' id='word_1_120' title='bbox 650 2545 833 2606; x_wconf 85' lang='lat' dir='ltr'><strong>sponsarum</strong></span> <span class='ocrx_word' id='word_1_121' title='bbox 855 2543 939 2585; x_wconf 87' lang='lat' dir='ltr'><strong>more</strong></span> <span class='ocrx_word' id='word_1_122' title='bbox 962 2542 1135 2597; x_wconf 82' lang='lat' dir='ltr'><strong>cerussam,</strong></span> 
     </span>
     <span class='ocr_line' id='line_1_21' title="bbox 224 2626 988 2708; baseline 0.001 -21"><span class='ocrx_word' id='word_1_123' title='bbox 224 2626 331 2703; x_wconf 90' lang='lat' dir='ltr'><strong>„Duci,</strong></span> <span class='ocrx_word' id='word_1_124' title='bbox 355 2647 520 2708; x_wconf 87' lang='lat' dir='ltr'><strong>permaneo</strong></span> <span class='ocrx_word' id='word_1_125' title='bbox 543 2629 641 2708; x_wconf 86' lang='lat' dir='ltr'><strong>virgo,</strong></span> <span class='ocrx_word' id='word_1_126' title='bbox 665 2629 731 2688; x_wconf 91' lang='lat' dir='ltr'><strong>sine</strong></span> <span class='ocrx_word' id='word_1_127' title='bbox 753 2628 844 2688; x_wconf 86' lang='lat' dir='ltr'><strong>sorde</strong></span> <span class='ocrx_word' id='word_1_128' title='bbox 867 2627 988 2708; x_wconf 85' lang='lat' dir='ltr'><strong>pudica.</strong></span> 
     </span>
    </p>

    <p class='ocr_par' dir='ltr' id='par_1_8' title="bbox 224 2728 965 2812">
     <span class='ocr_line' id='line_1_22' title="bbox 224 2728 965 2812; baseline 0.001 -23"><span class='ocrx_word' id='word_1_129' title='bbox 224 2728 302 2804; x_wconf 77' lang='lat' dir='ltr'><strong>„oui</strong></span> <span class='ocrx_word' id='word_1_130' title='bbox 325 2731 421 2792; x_wconf 89' lang='lat' dir='ltr'><strong>debeo</strong></span> <span class='ocrx_word' id='word_1_131' title='bbox 443 2733 536 2792; x_wconf 89' lang='lat' dir='ltr'><strong>fidem</strong></span> <span class='ocrx_word' id='word_1_132' title='bbox 558 2732 615 2792; x_wconf 89' lang='lat' dir='ltr'><strong>soli</strong></span> <span class='ocrx_word' id='word_1_133' title='bbox 637 2751 765 2792; x_wconf 83' lang='lat' dir='ltr'><strong>servare</strong></span> <span class='ocrx_word' id='word_1_134' title='bbox 788 2750 965 2812; x_wconf 88' lang='lat' dir='ltr'><strong>perennem,</strong></span> 
     </span>
    </p>

    <p class='ocr_par' dir='ltr' id='par_1_9' title="bbox 140 2830 919 2913">
     <span class='ocr_line' id='line_1_23' title="bbox 140 2830 919 2913; baseline 0 -19"><span class='ocrx_word' id='word_1_135' title='bbox 140 2830 209 2896; x_wconf 77' lang='lat'>110.</span> <span class='ocrx_word' id='word_1_136' title='bbox 228 2833 313 2913; x_wconf 92' lang='lat' dir='ltr'><strong>„Ipsi</strong></span> <span class='ocrx_word' id='word_1_137' title='bbox 333 2853 383 2893; x_wconf 91' lang='lat' dir='ltr'><strong>me</strong></span> <span class='ocrx_word' id='word_1_138' title='bbox 406 2837 469 2896; x_wconf 92' lang='lat' dir='ltr'><strong>toto</strong></span> <span class='ocrx_word' id='word_1_139' title='bbox 493 2834 594 2896; x_wconf 88' lang='lat' dir='ltr'><strong>cordis</strong></span> <span class='ocrx_word' id='word_1_140' title='bbox 617 2835 775 2895; x_wconf 89' lang='lat' dir='ltr'><strong>conamine</strong></span> <span class='ocrx_word' id='word_1_141' title='bbox 799 2835 919 2895; x_wconf 87' lang='lat' dir='ltr'><strong>eredo.“</strong></span> 
     </span>
    </p>

    <p class='ocr_par' dir='ltr' id='par_1_10' title="bbox 222 2936 1123 3327">
     <span class='ocr_line' id='line_1_24' title="bbox 266 2936 1082 3018; baseline 0.001 -22"><span class='ocrx_word' id='word_1_142' title='bbox 266 2936 333 3011; x_wconf 91' lang='lat' dir='ltr'><strong>His,</strong></span> <span class='ocrx_word' id='word_1_143' title='bbox 354 2937 457 3012; x_wconf 88' lang='lat' dir='ltr'><strong>miser,</strong></span> <span class='ocrx_word' id='word_1_144' title='bbox 480 2938 603 3010; x_wconf 87' lang='lat' dir='ltr'><strong>auditis,</strong></span> <span class='ocrx_word' id='word_1_145' title='bbox 627 2938 753 3018; x_wconf 92' lang='lat' dir='ltr'><strong>spiculis</strong></span> <span class='ocrx_word' id='word_1_146' title='bbox 775 2939 936 3018; x_wconf 86' lang='lat' dir='ltr'><strong>perfossus</strong></span> <span class='ocrx_word' id='word_1_147' title='bbox 960 2937 1082 3013; x_wconf 88' lang='lat' dir='ltr'><strong>amoris,</strong></span> 
     </span>
     <span class='ocr_line' id='line_1_25' title="bbox 224 3037 942 3122; baseline 0.004 -24"><span class='ocrx_word' id='word_1_148' title='bbox 224 3037 390 3118; x_wconf 85' lang='lat' dir='ltr'><strong>Ingemuit,</strong></span> <span class='ocrx_word' id='word_1_149' title='bbox 414 3043 522 3102; x_wconf 85' lang='lat' dir='ltr'><strong>crebro</strong></span> <span class='ocrx_word' id='word_1_150' title='bbox 546 3042 661 3102; x_wconf 89' lang='lat' dir='ltr'><strong>ducens</strong></span> <span class='ocrx_word' id='word_1_151' title='bbox 685 3042 817 3122; x_wconf 88' lang='lat' dir='ltr'><strong>suspiria</strong></span> <span class='ocrx_word' id='word_1_152' title='bbox 839 3042 942 3120; x_wconf 86' lang='lat' dir='ltr'><strong>longa,</strong></span> 
     </span>
     <span class='ocr_line' id='line_1_26' title="bbox 222 3140 1079 3224; baseline 0.004 -23"><span class='ocrx_word' id='word_1_153' title='bbox 222 3140 291 3202; x_wconf 88' lang='lat' dir='ltr'><strong>Hoc</strong></span> <span class='ocrx_word' id='word_1_154' title='bbox 313 3143 466 3222; x_wconf 81' lang='lat' dir='ltr'><strong>quianon</strong></span> <span class='ocrx_word' id='word_1_155' title='bbox 482 3144 603 3219; x_wconf 89' lang='lat' dir='ltr'><strong>meruit,</strong></span> <span class='ocrx_word' id='word_1_156' title='bbox 626 3163 718 3205; x_wconf 89' lang='lat' dir='ltr'><strong>caeco</strong></span> <span class='ocrx_word' id='word_1_157' title='bbox 740 3145 822 3224; x_wconf 89' lang='lat' dir='ltr'><strong>quod</strong></span> <span class='ocrx_word' id='word_1_158' title='bbox 846 3145 937 3205; x_wconf 89' lang='lat' dir='ltr'><strong>eorde</strong></span> <span class='ocrx_word' id='word_1_159' title='bbox 960 3144 1079 3224; x_wconf 85' lang='lat' dir='ltr'><strong>petivit,</strong></span> 
     </span>
     <span class='ocr_line' id='line_1_27' title="bbox 222 3242 1123 3327; baseline 0.004 -23"><span class='ocrx_word' id='word_1_160' title='bbox 222 3242 264 3304; x_wconf 82' lang='lat' dir='ltr'><strong>Et</strong></span> <span class='ocrx_word' id='word_1_161' title='bbox 286 3265 380 3325; x_wconf 89' lang='lat' dir='ltr'><strong>snper</strong></span> <span class='ocrx_word' id='word_1_162' title='bbox 402 3247 459 3306; x_wconf 89' lang='lat' dir='ltr'><strong>hoc</strong></span> <span class='ocrx_word' id='word_1_163' title='bbox 480 3267 622 3308; x_wconf 89' lang='lat' dir='ltr'><strong>moerens</strong></span> <span class='ocrx_word' id='word_1_164' title='bbox 644 3248 796 3327; x_wconf 89' lang='lat' dir='ltr'><strong>nimioque</strong></span> <span class='ocrx_word' id='word_1_165' title='bbox 820 3249 926 3309; x_wconf 90' lang='lat' dir='ltr'><strong>dolore</strong></span> <span class='ocrx_word' id='word_1_166' title='bbox 948 3250 1123 3322; x_wconf 79' lang='lat' dir='ltr'><strong>tabescens,</strong></span> 
     </span>
    </p>

    <p class='ocr_par' dir='ltr' id='par_1_11' title="bbox 142 3341 1003 3424">
     <span class='ocr_line' id='line_1_28' title="bbox 142 3341 1003 3424; baseline 0.005 -18"><span class='ocrx_word' id='word_1_167' title='bbox 142 3341 213 3407; x_wconf 79' lang='lat'>115.</span> <span class='ocrx_word' id='word_1_168' title='bbox 228 3347 352 3409; x_wconf 88' lang='lat' dir='ltr'><strong>Decidit</strong></span> <span class='ocrx_word' id='word_1_169' title='bbox 373 3349 404 3408; x_wconf 92' lang='lat' dir='ltr'><strong>in</strong></span> <span class='ocrx_word' id='word_1_170' title='bbox 426 3350 541 3411; x_wconf 85' lang='lat' dir='ltr'><strong>lectum</strong></span> <span class='ocrx_word' id='word_1_171' title='bbox 563 3351 761 3411; x_wconf 89' lang='lat' dir='ltr'><strong>stultissimus</strong></span> <span class='ocrx_word' id='word_1_172' title='bbox 783 3351 835 3410; x_wconf 92' lang='lat' dir='ltr'><strong>ille</strong></span> <span class='ocrx_word' id='word_1_173' title='bbox 857 3351 1003 3424; x_wconf 82' lang='lat' dir='ltr'><strong>virorum,</strong></span> 
     </span>
    </p>

    <p class='ocr_par' dir='ltr' id='par_1_12' title="bbox 219 3448 1081 3842">
     <span class='ocr_line' id='line_1_29' title="bbox 229 3448 1065 3532; baseline 0.004 -22"><span class='ocrx_word' id='word_1_174' title='bbox 229 3448 279 3524; x_wconf 83' lang='lat' dir='ltr'><strong>Et,</strong></span> <span class='ocrx_word' id='word_1_175' title='bbox 304 3451 449 3512; x_wconf 88' lang='lat' dir='ltr'><strong>simulans</strong></span> <span class='ocrx_word' id='word_1_176' title='bbox 471 3453 551 3513; x_wconf 91' lang='lat' dir='ltr'><strong>male</strong></span> <span class='ocrx_word' id='word_1_177' title='bbox 574 3455 763 3532; x_wconf 85' lang='lat' dir='ltr'><strong>languorem,</strong></span> <span class='ocrx_word' id='word_1_178' title='bbox 788 3453 901 3514; x_wconf 84' lang='lat' dir='ltr'><strong>celavit</strong></span> <span class='ocrx_word' id='word_1_179' title='bbox 922 3471 1065 3527; x_wconf 90' lang='lat' dir='ltr'><strong>amorem,</strong></span> 
     </span>
     <span class='ocr_line' id='line_1_30' title="bbox 224 3552 1081 3637; baseline 0.005 -25"><span class='ocrx_word' id='word_1_180' title='bbox 224 3552 285 3622; x_wconf 80' lang='lat' dir='ltr'><strong>Qui</strong></span> <span class='ocrx_word' id='word_1_181' title='bbox 308 3553 364 3615; x_wconf 91' lang='lat' dir='ltr'><strong>sibi</strong></span> <span class='ocrx_word' id='word_1_182' title='bbox 387 3573 480 3616; x_wconf 86' lang='lat' dir='ltr'><strong>causa</strong></span> <span class='ocrx_word' id='word_1_183' title='bbox 503 3556 609 3635; x_wconf 83' lang='lat' dir='ltr'><strong>gravis</strong></span> <span class='ocrx_word' id='word_1_184' title='bbox 632 3557 734 3617; x_wconf 86' lang='lat' dir='ltr'><strong>suerat</strong></span> <span class='ocrx_word' id='word_1_185' title='bbox 755 3577 817 3618; x_wconf 91' lang='lat' dir='ltr'><strong>nen</strong></span> <span class='ocrx_word' id='word_1_186' title='bbox 838 3573 936 3637; x_wconf 86' lang='lat' dir='ltr'><strong>parva</strong></span> <span class='ocrx_word' id='word_1_187' title='bbox 959 3555 1081 3617; x_wconf 88' lang='lat' dir='ltr'><strong>doloris.</strong></span> 
     </span>
     <span class='ocr_line' id='line_1_31' title="bbox 221 3655 1032 3740; baseline 0.005 -26"><span class='ocrx_word' id='word_1_188' title='bbox 221 3655 289 3716; x_wconf 85' lang='lat' dir='ltr'><strong>Nec</strong></span> <span class='ocrx_word' id='word_1_189' title='bbox 310 3675 404 3732; x_wconf 87' lang='lat' dir='ltr'><strong>mora,</strong></span> <span class='ocrx_word' id='word_1_190' title='bbox 427 3658 462 3719; x_wconf 91' lang='lat' dir='ltr'><strong>fit</strong></span> <span class='ocrx_word' id='word_1_191' title='bbox 483 3661 597 3731; x_wconf 89' lang='lat' dir='ltr'><strong>notum,</strong></span> <span class='ocrx_word' id='word_1_192' title='bbox 620 3661 702 3720; x_wconf 81' lang='lat' dir='ltr'><strong>sema</strong></span> <span class='ocrx_word' id='word_1_193' title='bbox 724 3658 1032 3740; x_wconf 85' lang='lat' dir='ltr'><strong>prodente&#39;sinistra,</strong></span> 
     </span>
     <span class='ocr_line' id='line_1_32' title="bbox 219 3757 916 3842; baseline 0.007 -25"><span class='ocrx_word' id='word_1_194' title='bbox 219 3757 335 3820; x_wconf 85' lang='lat' dir='ltr'><strong>Natum</strong></span> <span class='ocrx_word' id='word_1_195' title='bbox 357 3760 509 3840; x_wconf 84' lang='lat' dir='ltr'><strong>praefecti</strong></span> <span class='ocrx_word' id='word_1_196' title='bbox 531 3762 622 3824; x_wconf 90' lang='lat' dir='ltr'><strong>nimio</strong></span> <span class='ocrx_word' id='word_1_197' title='bbox 645 3763 794 3842; x_wconf 85' lang='lat' dir='ltr'><strong>languore</strong></span> <span class='ocrx_word' id='word_1_198' title='bbox 817 3763 916 3842; x_wconf 83' lang='lat' dir='ltr'><strong>ligari.</strong></span> 
     </span>
    </p>
   </div>
   <div class='ocr_carea' id='block_1_3' title="bbox 164 3994 1167 4260">
    <p class='ocr_par' dir='ltr' id='par_1_13' title="bbox 164 3994 1167 4260">
     <span class='ocr_line' id='line_1_33' title="bbox 164 3994 1167 4052; baseline 0.001 -15"><span class='ocrx_word' id='word_1_199' title='bbox 164 3996 206 4037; x_wconf 82' lang='lat'>1⁰⁰.</span> <span class='ocrx_word' id='word_1_200' title='bbox 224 3994 356 4048; x_wconf 73' lang='lat' dir='ltr'><strong>Organa,</strong></span> <span class='ocrx_word' id='word_1_201' title='bbox 370 3995 401 4036; x_wconf 83' lang='grc' dir='ltr'><strong>Μ.</strong></span> <span class='ocrx_word' id='word_1_202' title='bbox 420 4007 442 4040; x_wconf 89' lang='lat' dir='ltr'><strong>u.</strong></span> <span class='ocrx_word' id='word_1_203' title='bbox 463 3996 488 4040; x_wconf 85' lang='lat' dir='ltr'><strong>l’.</strong></span> <span class='ocrx_word' id='word_1_204' title='bbox 523 3996 565 4041; x_wconf 75' lang='lat' dir='ltr'><strong>sol.</strong></span> <span class='ocrx_word' id='word_1_205' title='bbox 587 3997 676 4040; x_wconf 73' lang='lat' dir='ltr'><strong>effectu</strong></span> <span class='ocrx_word' id='word_1_206' title='bbox 697 4011 761 4052; x_wconf 82' lang='lat' dir='ltr'><strong>qoem</strong></span> <span class='ocrx_word' id='word_1_207' title='bbox 779 4002 865 4040; x_wconf 77' lang='lat' dir='ltr'><strong>secreto</strong></span> <span class='ocrx_word' id='word_1_208' title='bbox 886 3999 959 4040; x_wconf 78' lang='lat' dir='ltr'><strong>cerdis</strong></span> <span class='ocrx_word' id='word_1_209' title='bbox 973 3999 1059 4051; x_wconf 75' lang='lat' dir='ltr'><strong>amabo,</strong></span> <span class='ocrx_word' id='word_1_210' title='bbox 1081 3997 1111 4038; x_wconf 84' lang='grc' dir='ltr'><strong>Μ.</strong></span> <span class='ocrx_word' id='word_1_211' title='bbox 1132 3995 1167 4038; x_wconf 74' lang='lat' dir='ltr'><strong>Af·</strong></span> 
     </span>
     <span class='ocr_line' id='line_1_34' title="bbox 219 4066 1167 4121; baseline 0.003 -16"><span class='ocrx_word' id='word_1_212' title='bbox 219 4066 291 4116; x_wconf 76' lang='lat' dir='ltr'><strong>iectu,</strong></span> <span class='ocrx_word' id='word_1_213' title='bbox 313 4077 377 4116; x_wconf 79' lang='lat' dir='ltr'><strong>quens</strong></span> <span class='ocrx_word' id='word_1_214' title='bbox 398 4068 485 4106; x_wconf 71' lang='lat' dir='ltr'><strong>secreto</strong></span> <span class='ocrx_word' id='word_1_215' title='bbox 508 4068 782 4120; x_wconf 65' lang='lat' dir='ltr'><strong>quaerendumne,</strong></span> <span class='ocrx_word' id='word_1_216' title='bbox 801 4069 824 4109; x_wconf 85' lang='lat' dir='ltr'><strong>C.</strong></span> <span class='ocrx_word' id='word_1_217' title='bbox 842 4081 864 4109; x_wconf 90' lang='grc' dir='ltr'><strong>ιι.</strong></span> <span class='ocrx_word' id='word_1_218' title='bbox 878 4068 900 4112; x_wconf 88' lang='lat' dir='ltr'><strong>S.</strong></span> <span class='ocrx_word' id='word_1_219' title='bbox 935 4067 1058 4120; x_wconf 80' lang='lat' dir='ltr'><strong>debebo,</strong></span> <span class='ocrx_word' id='word_1_220' title='bbox 1075 4067 1167 4121; x_wconf 72' lang='lat' dir='ltr'><strong>(radin)</strong></span> 
     </span>
     <span class='ocr_line' id='line_1_35' title="bbox 225 4133 1166 4190; baseline 0.002 -16"><span class='ocrx_word' id='word_1_221' title='bbox 225 4133 265 4187; x_wconf 73' lang='lat' dir='ltr'><strong>M,</strong></span> <span class='ocrx_word' id='word_1_222' title='bbox 288 4134 313 4178; x_wconf 85' lang='lat' dir='ltr'><strong>c.</strong></span> <span class='ocrx_word' id='word_1_223' title='bbox 329 4134 398 4188; x_wconf 76' lang='lat' dir='ltr'><strong>u.S.;</strong></span> <span class='ocrx_word' id='word_1_224' title='bbox 422 4135 446 4178; x_wconf 89' lang='lat' dir='ltr'><strong>P.</strong></span> <span class='ocrx_word' id='word_1_225' title='bbox 466 4135 504 4176; x_wconf 82' lang='lat' dir='ltr'><strong>bat</strong></span> <span class='ocrx_word' id='word_1_226' title='bbox 522 4137 563 4176; x_wconf 74' lang='lat' dir='ltr'><strong>wls.</strong></span> <span class='ocrx_word' id='word_1_227' title='bbox 585 4136 615 4177; x_wconf 90' lang='grc' dir='ltr'><strong>Μ.</strong></span> <span class='ocrx_word' id='word_1_228' title='bbox 636 4148 710 4189; x_wconf 76' lang='lat' dir='ltr'><strong>urspr.</strong></span> <span class='ocrx_word' id='word_1_229' title='bbox 730 4137 842 4178; x_wconf 78' lang='lat' dir='ltr'><strong>delebo.</strong></span> <span class='ocrx_word' id='word_1_230' title='bbox 888 4139 930 4182; x_wconf 67' lang='lat' dir='ltr'><strong>no.</strong></span> <span class='ocrx_word' id='word_1_231' title='bbox 951 4137 1035 4176; x_wconf 80' lang='lat' dir='ltr'><strong>erebo</strong></span> <span class='ocrx_word' id='word_1_232' title='bbox 1059 4136 1166 4190; x_wconf 74' lang='lat' dir='ltr'><strong>dicens,</strong></span> 
     </span>
     <span class='ocr_line' id='line_1_36' title="bbox 224 4203 993 4260; baseline 0.003 -16"><span class='ocrx_word' id='word_1_233' title='bbox 224 4203 266 4260; x_wconf 52' lang='lat' dir='ltr'><strong>M,</strong></span> <span class='ocrx_word' id='word_1_234' title='bbox 281 4204 305 4244; x_wconf 88' lang='lat' dir='ltr'><strong>P.</strong></span> <span class='ocrx_word' id='word_1_235' title='bbox 320 4203 412 4248; x_wconf 69' lang='lat' dir='ltr'><strong>dedente</strong></span> <span class='ocrx_word' id='word_1_236' title='bbox 429 4205 449 4244; x_wconf 84' lang='lat' dir='ltr'><strong>iu</strong></span> <span class='ocrx_word' id='word_1_237' title='bbox 465 4205 583 4246; x_wconf 69' lang='lat' dir='ltr'><strong>dirceus.</strong></span> <span class='ocrx_word' id='word_1_238' title='bbox 612 4207 655 4248; x_wconf 87' lang='grc'><strong>118.</strong></span> <span class='ocrx_word' id='word_1_239' title='bbox 672 4210 773 4259; x_wconf 79' lang='lat' dir='ltr'><strong>notus,</strong></span> <span class='ocrx_word' id='word_1_240' title='bbox 789 4205 828 4260; x_wconf 85' lang='grc' dir='ltr'><strong>Μ.;</strong></span> <span class='ocrx_word' id='word_1_241' title='bbox 846 4209 952 4256; x_wconf 76' lang='lat' dir='ltr'><strong>nolus,</strong></span> <span class='ocrx_word' id='word_1_242' title='bbox 969 4205 993 4246; x_wconf 85' lang='lat' dir='ltr'><strong>P.</strong></span> 
     </span>
    </p>
   </div>
   <div class='ocr_carea' id='block_1_4' title="bbox 0 0 1576 4888">
    <p class='ocr_par' dir='ltr' id='par_1_14' title="bbox 0 0 1576 4888">
     <span class='ocr_line' id='line_1_37' title="bbox 0 0 1576 4888; baseline 0 13"><span class='ocrx_word' id='word_1_243' title='bbox 0 0 1576 4888; x_wconf 95' lang='lat' dir='ltr'><strong> </strong></span> 
     </span>
    </p>
   </div>
  </div>
 </body>
</html>
