3144 4888
520 439 757 510 -125-

213 617 276 682 Sed
299 619 448 694 Christus,
471 618 613 700 propriae
635 620 789 700 praebens
812 617 959 680 solamina
983 635 1123 699 sponsae,

212 723 304 784 Illam
326 722 471 783 conviciis
493 722 581 800 tangi
601 740 663 782 non
685 721 818 782 sustinet
839 721 919 783 ullis.

125 824 199 889 215.
216 827 283 900 Ast,
306 826 359 887 ubi
382 825 528 886 distracto
551 824 684 884 nudatur
707 824 843 902 tegmine
865 827 938 899 toto,

215 927 367 990 Continuo
384 930 465 988 bene
488 927 608 988 densati
632 945 760 987 crevere
783 926 894 1006 capilli,

214 1031 284 1105 Qui,
309 1032 402 1092 ductu
423 1031 516 1108 longo
538 1028 617 1108 lapsi
638 1028 676 1088 de
698 1029 816 1090 vertice
839 1047 965 1103 summo,

212 1134 436 1194 Descendendo
456 1133 569 1213 pedum
590 1131 712 1210 plantas
734 1131 867 1208 tetigere
889 1131 1029 1205 tenellae,

214 1234 334 1316 Corpus
357 1238 388 1296 et
411 1255 499 1296 omne
522 1236 614 1294 comis
638 1233 755 1311 tegitur
777 1253 834 1294 ceu
856 1235 992 1312 tegmine
1015 1234 1121 1294 vestis.

126 1335 200 1400 220.
216 1337 320 1417 thue
342 1337 499 1419 lupanaris
522 1335 653 1397 calcavit
674 1336 779 1396 limina
801 1336 906 1411 tristis,

219 1439 376 1521 Extimplo
400 1440 504 1500 suavis
527 1439 624 1500 sensit
646 1438 808 1498 dulcamen
830 1439 941 1514 odoris,

212 1544 316 1622 Atque
337 1544 438 1604 locum
460 1546 582 1623 turpem
603 1541 678 1601 miro
701 1541 866 1621 splendore
888 1543 1052 1602 micantem

211 1645 354 1726 Aspexit,
378 1645 515 1706 tenebris
538 1644 590 1723 qui
612 1643 756 1704 sordebat
777 1644 862 1724 prius
885 1644 970 1706 atris.

209 1745 251 1808 Et
273 1767 342 1808 curn
364 1747 555 1808 sordidulum
576 1747 732 1826 compulsa
753 1746 906 1807 subintrat
926 1747 958 1806 in
979 1749 1109 1820 antrum,

122 1846 196 1911 225.
212 1850 353 1929 Angelus
376 1849 543 1910 Altithroni
563 1849 679 1910 blande
702 1849 787 1910 stetit
809 1849 918 1910 obvius
940 1849 993 1924 illi,

211 1949 322 2014 Custos
344 1951 488 2014 indubius
511 1953 614 2012 fuerat
635 1951 688 2030 qui
709 1952 844 2032 corporis
867 1953 943 2032 ejus,

213 2053 331 2116 Obtulit
354 2058 386 2116 et
406 2057 534 2129 vestem,
557 2054 648 2114 niveo
672 2054 837 2134 splendore
858 2055 1030 2130 micantem,

210 2157 288 2238 Ejus
311 2176 475 2218 mensurae
497 2157 716 2218 conformatam
738 2157 813 2216 satis
836 2160 917 2238 apte.

211 2260 280 2321 Hac
303 2261 411 2321 induta
434 2261 556 2339 quidem
578 2260 693 2320 direxit
714 2260 753 2319 ad
775 2261 903 2322 aethera
925 2279 1041 2335 vocem,

123 2360 196 2424 230.
211 2362 345 2423 Assidue
369 2350 474 2442 grates
498 2360 618 2423 Christo
641 2364 813 2424 resonando
836 2347 958 2437 suaves,

216 2463 310 2545 Cujus
333 2486 422 2546 opem
443 2465 521 2526 tanti
543 2465 640 2527 sensit
662 2466 718 2525 sub
741 2465 825 2525 fasce
846 2465 963 2546 pericli,

215 2566 310 2648 Cujus
333 2573 365 2628 et
387 2568 502 2629 auxilio
525 2568 627 2628 suerat
648 2569 788 2648 protecta
808 2571 947 2648 paterno,

210 2668 258 2732 rte
281 2675 387 2751 posset
408 2671 525 2732 veteris
547 2670 701 2750 eorrumpi
723 2671 881 2732 fraudibus
904 2670 1009 2732 hostis.

227 2771 358 2835 Interes
376 2775 518 2855 juvenes,
542 2777 667 2834 caecato
682 2773 774 2834 eorde
796 2773 944 2848 furentes,

122 2872 196 2938 235.
213 2875 357 2956 Undique
380 2877 516 2938 collectis
538 2877 652 2936 cursim
674 2896 791 2937 venere
814 2875 957 2949 catervis,

209 2977 371 3042 Certautes
395 2980 495 3040 studio
517 2997 686 3062 perversae
707 2979 819 3039 mentis
840 2978 954 3058 iniquo,
1063 2958 1068 2969 ’

208 3081 285 3151 Quis
307 3082 392 3162 prior
412 3083 552 3156 intraret,
574 3081 627 3142 vel
649 3082 716 3161 quis
738 3081 917 3162 perdiscere
939 3083 1053 3162 posset,

206 3183 258 3246 An
279 3185 379 3264 virgo,
402 3183 526 3244 suffulta
549 3185 597 3244 sui
618 3184 783 3244 munimine
806 3181 930 3256 Christi,

209 3287 306 3363 Haeo,
330 3307 408 3367 quae
432 3288 573 3350 carnales
597 3307 719 3368 semper
741 3288 924 3368 contempsit
946 3305 1075 3362 amores,

118 3386 191 3451 240.
208 3389 278 3450 Jam
299 3410 383 3450 nuuc
404 3390 526 3470 incepto
549 3393 654 3470 posset
675 3389 844 3470 persistere
865 3393 946 3450 voto.

210 3491 277 3554 Nec
298 3513 393 3568 mora,
417 3496 616 3572 cognoscunt,
639 3512 697 3554 uec
720 3491 930 3554 contradicere
952 3493 1091 3572 possunt,

207 3595 298 3666 Quod
320 3614 484 3675 numquam
506 3596 633 3674 longum
655 3595 722 3676 quis
745 3594 951 3656 confundetur
972 3594 1004 3654 in
1026 3609 1146 3666 aevum,

205 3699 267 3768 Qui
290 3699 421 3760 credens
443 3698 572 3760 Domino
595 3699 682 3760 firma
704 3719 759 3779 spe
782 3697 898 3778 pendet
919 3696 950 3756 in
971 3696 1041 3772 illo,

204 3799 284 3862 Nam
308 3801 501 3880 quicumque,
524 3819 581 3861 sua
604 3802 778 3883 compulsus
800 3802 904 3862 mento
928 3799 1069 3879 superba,

117 3899 190 3965 245.
207 3902 388 3983 Ingreditur
412 3903 510 3986 turpis
532 3903 669 3966 latebras
691 3903 874 3968 temerarius
897 3901 992 3981 aedis,

118 4056 325 4068 ...ἡ-Μ

94 4162 97 4166 ·
167 4137 213 4186 219.
232 4140 379 4200 tetigitur,
393 4139 425 4186 Μ.
440 4151 462 4188 u.
477 4137 502 4188 Ρ.
