<?xml version="1.0" encoding="UTF-8"?>
<!DOCTYPE html PUBLIC "-//W3C//DTD XHTML 1.0 Transitional//EN"
    "http://www.w3.org/TR/xhtml1/DTD/xhtml1-transitional.dtd">
<html xmlns="http://www.w3.org/1999/xhtml" xml:lang="en" lang="en">
 <head>
  <title>
</title>
<meta http-equiv="Content-Type" content="text/html;charset=utf-8" />
  <meta name='ocr-system' content='tesseract 3.04.00' />
  <meta name='ocr-capabilities' content='ocr_page ocr_carea ocr_par ocr_line ocrx_word'/>
</head>
<body>
  <div class='ocr_page' id='page_1' title='image "./diewerkederhrot00hrotgoog_0414.png"; bbox 0 0 3080 4892; ppageno 0'>
   <div class='ocr_carea' id='block_1_1' title="bbox 534 427 772 494">
    <p class='ocr_par' dir='ltr' id='par_1_1' title="bbox 534 427 772 494">
     <span class='ocr_line' id='line_1_1' title="bbox 534 427 772 494; baseline 0.008 -16"><span class='ocrx_word' id='word_1_1' title='bbox 534 427 772 494; x_wconf 70' lang='lat'><strong>..345-</strong></span> 
     </span>
    </p>
   </div>
   <div class='ocr_carea' id='block_1_2' title="bbox 122 603 1172 3783">
    <p class='ocr_par' dir='ltr' id='par_1_2' title="bbox 224 603 1036 790">
     <span class='ocr_line' id='line_1_2' title="bbox 224 603 1036 685; baseline 0.002 -19"><span class='ocrx_word' id='word_1_2' title='bbox 224 603 307 680; x_wconf 82' lang='lat' dir='ltr'>„Qui</span> <span class='ocrx_word' id='word_1_3' title='bbox 328 605 422 685; x_wconf 89' lang='lat' dir='ltr'>capnt</span> <span class='ocrx_word' id='word_1_4' title='bbox 443 603 594 666; x_wconf 85' lang='lat' dir='ltr'>ecelesiae</span> <span class='ocrx_word' id='word_1_5' title='bbox 615 604 679 666; x_wconf 88' lang='lat' dir='ltr'>toto</span> <span class='ocrx_word' id='word_1_6' title='bbox 702 603 867 666; x_wconf 89' lang='lat' dir='ltr'>dominaris</span> <span class='ocrx_word' id='word_1_7' title='bbox 889 604 921 667; x_wconf 92' lang='lat' dir='ltr'>in</span> <span class='ocrx_word' id='word_1_8' title='bbox 944 607 1036 685; x_wconf 81' lang='lat' dir='ltr'>orbe3</span> 
     </span>
     <span class='ocr_line' id='line_1_3' title="bbox 225 706 968 790; baseline 0.003 -22"><span class='ocrx_word' id='word_1_9' title='bbox 225 708 323 784; x_wconf 74' lang='lat' dir='ltr'>„Quo</span> <span class='ocrx_word' id='word_1_10' title='bbox 346 707 373 768; x_wconf 91' lang='lat' dir='ltr'>si</span> <span class='ocrx_word' id='word_1_11' title='bbox 394 708 475 769; x_wconf 81' lang='lat' dir='ltr'>forte</span> <span class='ocrx_word' id='word_1_12' title='bbox 497 708 553 770; x_wconf 89' lang='lat' dir='ltr'>tibi</span> <span class='ocrx_word' id='word_1_13' title='bbox 573 706 697 790; x_wconf 89' lang='lat' dir='ltr'>placeat</span> <span class='ocrx_word' id='word_1_14' title='bbox 718 708 840 770; x_wconf 85' lang='lat' dir='ltr'>devotio</span> <span class='ocrx_word' id='word_1_15' title='bbox 862 709 968 785; x_wconf 80' lang='lat' dir='ltr'><strong>nostri,</strong></span> 
     </span>
    </p>

    <p class='ocr_par' dir='ltr' id='par_1_3' title="bbox 142 809 1098 1306">
     <span class='ocr_line' id='line_1_4' title="bbox 142 809 977 894; baseline -0.001 -19"><span class='ocrx_word' id='word_1_16' title='bbox 142 809 214 875; x_wconf 83' lang='lat'>150.</span> <span class='ocrx_word' id='word_1_17' title='bbox 229 811 408 888; x_wconf 84' lang='lat' dir='ltr'>„Auxilium</span> <span class='ocrx_word' id='word_1_18' title='bbox 430 812 600 892; x_wconf 79' lang='lat' dir='ltr'>praebente</span> <span class='ocrx_word' id='word_1_19' title='bbox 624 814 678 872; x_wconf 88' lang='lat' dir='ltr'>tua</span> <span class='ocrx_word' id='word_1_20' title='bbox 699 811 815 892; x_wconf 89' lang='lat' dir='ltr'>pietate</span> <span class='ocrx_word' id='word_1_21' title='bbox 838 816 977 894; x_wconf 89' lang='lat' dir='ltr'>paterna,</span> 
     </span>
     <span class='ocr_line' id='line_1_5' title="bbox 224 914 1049 998; baseline -0.015 -8"><span class='ocrx_word' id='word_1_22' title='bbox 224 915 336 991; x_wconf 81' lang='lat' dir='ltr'>„Quod</span> <span class='ocrx_word' id='word_1_23' title='bbox 358 915 438 976; x_wconf 87' lang='lat' dir='ltr'>votis</span> <span class='ocrx_word' id='word_1_24' title='bbox 461 915 606 996; x_wconf 84' lang='lat' dir='ltr'>gerimus,</span> <span class='ocrx_word' id='word_1_25' title='bbox 629 914 720 976; x_wconf 82' lang='lat' dir='ltr'>factis</span> <span class='ocrx_word' id='word_1_26' title='bbox 742 917 821 976; x_wconf 92' lang='lat' dir='ltr'>bene</span> <span class='ocrx_word' id='word_1_27' title='bbox 844 915 1049 998; x_wconf 90' lang='lat' dir='ltr'>perficiamus.</span> 
     </span>
     <span class='ocr_line' id='line_1_6' title="bbox 224 1017 1098 1098; baseline 0.003 -19"><span class='ocrx_word' id='word_1_28' title='bbox 224 1017 291 1095; x_wconf 86' lang='lat' dir='ltr'>„Ac</span> <span class='ocrx_word' id='word_1_29' title='bbox 312 1021 347 1080; x_wconf 89' lang='lat' dir='ltr'>tu</span> <span class='ocrx_word' id='word_1_30' title='bbox 367 1053 412 1063; x_wconf 95' lang='lat'><em>-</em></span> <span class='ocrx_word' id='word_1_31' title='bbox 434 1017 595 1080; x_wconf 91' lang='lat' dir='ltr'>consilium</span> <span class='ocrx_word' id='word_1_32' title='bbox 616 1019 705 1080; x_wconf 78' lang='lat' dir='ltr'>nimis</span> <span class='ocrx_word' id='word_1_33' title='bbox 726 1019 835 1080; x_wconf 90' lang='lat' dir='ltr'>merito</span> <span class='ocrx_word' id='word_1_34' title='bbox 857 1019 1032 1098; x_wconf 86' lang='lat' dir='ltr'>flagitamus</span> <span class='ocrx_word' id='word_1_35' title='bbox 1054 1055 1098 1067; x_wconf 92' lang='lat'>-</span> 
     </span>
     <span class='ocr_line' id='line_1_7' title="bbox 224 1121 973 1204; baseline -0.004 -20"><span class='ocrx_word' id='word_1_36' title='bbox 224 1121 405 1204; x_wconf 83' lang='lat' dir='ltr'>„Susceptis</span> <span class='ocrx_word' id='word_1_37' title='bbox 427 1121 515 1182; x_wconf 85' lang='lat' dir='ltr'>donis</span> <span class='ocrx_word' id='word_1_38' title='bbox 537 1121 681 1183; x_wconf 88' lang='lat' dir='ltr'>clementi</span> <span class='ocrx_word' id='word_1_39' title='bbox 702 1125 828 1203; x_wconf 80' lang='lat' dir='ltr'>pectore</span> <span class='ocrx_word' id='word_1_40' title='bbox 850 1122 973 1197; x_wconf 90' lang='lat' dir='ltr'>nostris,</span> 
     </span>
     <span class='ocr_line' id='line_1_8' title="bbox 223 1223 1032 1306; baseline 0 -20"><span class='ocrx_word' id='word_1_41' title='bbox 223 1223 369 1301; x_wconf 85' lang='lat' dir='ltr'>„Scilicet</span> <span class='ocrx_word' id='word_1_42' title='bbox 391 1227 423 1285; x_wconf 90' lang='lat' dir='ltr'>et</span> <span class='ocrx_word' id='word_1_43' title='bbox 444 1224 529 1304; x_wconf 86' lang='lat' dir='ltr'>regis</span> <span class='ocrx_word' id='word_1_44' title='bbox 553 1225 729 1305; x_wconf 90' lang='lat' dir='ltr'>compulsus</span> <span class='ocrx_word' id='word_1_45' title='bbox 752 1243 856 1286; x_wconf 88' lang='lat' dir='ltr'>amore</span> <span class='ocrx_word' id='word_1_46' title='bbox 878 1226 1032 1306; x_wconf 89' lang='lat' dir='ltr'>perennis,</span> 
     </span>
    </p>

    <p class='ocr_par' dir='ltr' id='par_1_4' title="bbox 140 1325 1171 1822">
     <span class='ocr_line' id='line_1_9' title="bbox 140 1325 1110 1410; baseline 0.003 -20"><span class='ocrx_word' id='word_1_47' title='bbox 140 1325 210 1391; x_wconf 85' lang='lat'>155.</span> <span class='ocrx_word' id='word_1_48' title='bbox 226 1329 376 1406; x_wconf 87' lang='lat' dir='ltr'>„Praesta</span> <span class='ocrx_word' id='word_1_49' title='bbox 399 1329 575 1390; x_wconf 90' lang='lat' dir='ltr'>sanctorum</span> <span class='ocrx_word' id='word_1_50' title='bbox 596 1328 683 1390; x_wconf 93' lang='lat' dir='ltr'>nobis</span> <span class='ocrx_word' id='word_1_51' title='bbox 706 1347 795 1390; x_wconf 89' lang='lat' dir='ltr'>sacra</span> <span class='ocrx_word' id='word_1_52' title='bbox 816 1329 956 1409; x_wconf 81' lang='lat' dir='ltr'>pignora,</span> <span class='ocrx_word' id='word_1_53' title='bbox 980 1349 1110 1410; x_wconf 89' lang='lat' dir='ltr'>quorum</span> 
     </span>
     <span class='ocr_line' id='line_1_10' title="bbox 222 1430 970 1513; baseline 0.001 -20"><span class='ocrx_word' id='word_1_54' title='bbox 222 1430 350 1508; x_wconf 89' lang='lat' dir='ltr'>„Omnis</span> <span class='ocrx_word' id='word_1_55' title='bbox 373 1431 511 1492; x_wconf 88' lang='lat' dir='ltr'>coenobii</span> <span class='ocrx_word' id='word_1_56' title='bbox 532 1431 718 1492; x_wconf 77' lang='lat' dir='ltr'>constructio</span> <span class='ocrx_word' id='word_1_57' title='bbox 740 1432 839 1513; x_wconf 83' lang='lat' dir='ltr'>possit</span> <span class='ocrx_word' id='word_1_58' title='bbox 860 1432 970 1494; x_wconf 89' lang='lat' dir='ltr'>honori</span> 
     </span>
     <span class='ocr_line' id='line_1_11' title="bbox 224 1533 906 1615; baseline -0.001 -18"><span class='ocrx_word' id='word_1_59' title='bbox 224 1534 325 1615; x_wconf 85' lang='lat' dir='ltr'>„Apte</span> <span class='ocrx_word' id='word_1_60' title='bbox 348 1533 474 1614; x_wconf 85' lang='lat' dir='ltr'>signari,</span> <span class='ocrx_word' id='word_1_61' title='bbox 497 1534 594 1595; x_wconf 85' lang='lat' dir='ltr'>saonis</span> <span class='ocrx_word' id='word_1_62' title='bbox 615 1535 794 1615; x_wconf 89' lang='lat' dir='ltr'>meritisque</span> <span class='ocrx_word' id='word_1_63' title='bbox 817 1535 906 1598; x_wconf 91' lang='lat' dir='ltr'>tueri.</span> 
     </span>
     <span class='ocr_line' id='line_1_12' title="bbox 225 1637 1171 1720; baseline 0 -19"><span class='ocrx_word' id='word_1_64' title='bbox 225 1637 346 1718; x_wconf 88' lang='lat' dir='ltr'>„thue</span> <span class='ocrx_word' id='word_1_65' title='bbox 369 1638 409 1698; x_wconf 91' lang='lat' dir='ltr'>sit</span> <span class='ocrx_word' id='word_1_66' title='bbox 430 1640 547 1718; x_wconf 88' lang='lat' dir='ltr'>absque</span> <span class='ocrx_word' id='word_1_67' title='bbox 566 1639 643 1718; x_wconf 87' lang='lat' dir='ltr'>jugo</span> <span class='ocrx_word' id='word_1_68' title='bbox 665 1659 775 1718; x_wconf 87' lang='lat' dir='ltr'>regum</span> <span class='ocrx_word' id='word_1_69' title='bbox 796 1658 853 1719; x_wconf 94' lang='lat' dir='ltr'>per</span> <span class='ocrx_word' id='word_1_70' title='bbox 875 1637 979 1700; x_wconf 88' lang='lat' dir='ltr'>saecla</span> <span class='ocrx_word' id='word_1_71' title='bbox 1012 1641 1171 1720; x_wconf 92' lang='lat' dir='ltr'>potentum</span> 
     </span>
     <span class='ocr_line' id='line_1_13' title="bbox 223 1740 985 1822; baseline 0 -20"><span class='ocrx_word' id='word_1_72' title='bbox 223 1741 308 1816; x_wconf 86' lang='lat' dir='ltr'>„Nec</span> <span class='ocrx_word' id='word_1_73' title='bbox 331 1744 524 1804; x_wconf 86' lang='lat' dir='ltr'>terrenorem</span> <span class='ocrx_word' id='word_1_74' title='bbox 544 1741 681 1822; x_wconf 90' lang='lat' dir='ltr'>patiatur</span> <span class='ocrx_word' id='word_1_75' title='bbox 703 1740 765 1800; x_wconf 86' lang='lat' dir='ltr'>vim</span> <span class='ocrx_word' id='word_1_76' title='bbox 785 1740 985 1815; x_wconf 89' lang='lat' dir='ltr'>dominorum,</span> 
     </span>
    </p>

    <p class='ocr_par' dir='ltr' id='par_1_5' title="bbox 141 1839 896 1924">
     <span class='ocr_line' id='line_1_14' title="bbox 141 1839 896 1924; baseline 0.001 -21"><span class='ocrx_word' id='word_1_77' title='bbox 141 1839 210 1904; x_wconf 88' lang='grc'><strong>160.</strong></span> <span class='ocrx_word' id='word_1_78' title='bbox 226 1842 314 1920; x_wconf 87' lang='lat' dir='ltr'>„Hoc</span> <span class='ocrx_word' id='word_1_79' title='bbox 336 1843 466 1906; x_wconf 86' lang='lat' dir='ltr'>rectoris</span> <span class='ocrx_word' id='word_1_80' title='bbox 488 1843 648 1924; x_wconf 87' lang='lat' dir='ltr'>apostolici</span> <span class='ocrx_word' id='word_1_81' title='bbox 670 1844 767 1904; x_wconf 88' lang='lat' dir='ltr'>solum</span> <span class='ocrx_word' id='word_1_82' title='bbox 790 1843 896 1905; x_wconf 79' lang='lat' dir='ltr'>ditioni</span> 
     </span>
    </p>

    <p class='ocr_par' dir='ltr' id='par_1_6' title="bbox 122 1946 1172 2338">
     <span class='ocr_line' id='line_1_15' title="bbox 122 1946 1172 2028; baseline 0.001 -21"><span class='ocrx_word' id='word_1_83' title='bbox 122 2013 126 2020; x_wconf 56' lang='grc'><strong>,</strong></span> <span class='ocrx_word' id='word_1_84' title='bbox 221 1947 436 2022; x_wconf 81' lang='lat' dir='ltr'>„Tradidimus</span> <span class='ocrx_word' id='word_1_85' title='bbox 459 1947 498 2008; x_wconf 90' lang='lat' dir='ltr'>ad</span> <span class='ocrx_word' id='word_1_86' title='bbox 520 1946 751 2008; x_wconf 83' lang='lat' dir='ltr'>defendendum</span> <span class='ocrx_word' id='word_1_87' title='bbox 773 1948 951 2028; x_wconf 85' lang='lat' dir='ltr'>pariterque</span> <span class='ocrx_word' id='word_1_88' title='bbox 973 1947 1172 2028; x_wconf 85' lang='lat' dir='ltr'>regendum.“</span> 
     </span>
     <span class='ocr_line' id='line_1_16' title="bbox 219 2049 1129 2132; baseline 0 -20"><span class='ocrx_word' id='word_1_89' title='bbox 219 2049 308 2112; x_wconf 89' lang='lat' dir='ltr'>Haec</span> <span class='ocrx_word' id='word_1_90' title='bbox 331 2050 404 2110; x_wconf 86' lang='lat' dir='ltr'>dux.</span> <span class='ocrx_word' id='word_1_91' title='bbox 447 2049 490 2112; x_wconf 87' lang='lat' dir='ltr'>Et</span> <span class='ocrx_word' id='word_1_92' title='bbox 512 2069 649 2110; x_wconf 91' lang='lat' dir='ltr'>summus</span> <span class='ocrx_word' id='word_1_93' title='bbox 671 2051 798 2132; x_wconf 90' lang='lat' dir='ltr'>praesul</span> <span class='ocrx_word' id='word_1_94' title='bbox 821 2051 866 2112; x_wconf 90' lang='lat' dir='ltr'>sie</span> <span class='ocrx_word' id='word_1_95' title='bbox 889 2049 1018 2131; x_wconf 83' lang='lat' dir='ltr'>Sergius</span> <span class='ocrx_word' id='word_1_96' title='bbox 1041 2071 1129 2114; x_wconf 89' lang='lat' dir='ltr'>orsus</span> 
     </span>
     <span class='ocr_line' id='line_1_17' title="bbox 222 2152 948 2236; baseline 0 -22"><span class='ocrx_word' id='word_1_97' title='bbox 222 2153 342 2233; x_wconf 92' lang='lat' dir='ltr'>Inquit:</span> <span class='ocrx_word' id='word_1_98' title='bbox 365 2152 430 2228; x_wconf 80' lang='lat' dir='ltr'>„Te</span> <span class='ocrx_word' id='word_1_99' title='bbox 452 2153 518 2215; x_wconf 88' lang='lat' dir='ltr'>miti</span> <span class='ocrx_word' id='word_1_100' title='bbox 538 2153 714 2234; x_wconf 87' lang='lat' dir='ltr'>conplector</span> <span class='ocrx_word' id='word_1_101' title='bbox 735 2157 871 2236; x_wconf 86' lang='lat' dir='ltr'>pectore,</span> <span class='ocrx_word' id='word_1_102' title='bbox 895 2154 948 2230; x_wconf 91' lang='lat' dir='ltr'>fili,</span> 
     </span>
     <span class='ocr_line' id='line_1_18' title="bbox 221 2253 1120 2338; baseline 0.002 -22"><span class='ocrx_word' id='word_1_103' title='bbox 221 2253 483 2336; x_wconf 82' lang='lat' dir='ltr'>„Consortemqne</span> <span class='ocrx_word' id='word_1_104' title='bbox 506 2259 589 2317; x_wconf 86' lang='lat' dir='ltr'>tuam</span> <span class='ocrx_word' id='word_1_105' title='bbox 610 2256 727 2338; x_wconf 88' lang='lat' dir='ltr'>pariter</span> <span class='ocrx_word' id='word_1_106' title='bbox 750 2257 928 2338; x_wconf 89' lang='lat' dir='ltr'>conplector</span> <span class='ocrx_word' id='word_1_107' title='bbox 950 2258 1120 2334; x_wconf 89' lang='lat' dir='ltr'>amandam,</span> 
     </span>
    </p>

    <p class='ocr_par' dir='ltr' id='par_1_7' title="bbox 137 2353 1068 2854">
     <span class='ocr_line' id='line_1_19' title="bbox 137 2353 1068 2440; baseline 0.004 -23"><span class='ocrx_word' id='word_1_108' title='bbox 137 2353 207 2421; x_wconf 84' lang='lat'><strong>165.</strong></span> <span class='ocrx_word' id='word_1_109' title='bbox 222 2357 346 2439; x_wconf 86' lang='lat' dir='ltr'>„Atque</span> <span class='ocrx_word' id='word_1_110' title='bbox 368 2359 425 2440; x_wconf 90' lang='lat' dir='ltr'>piis</span> <span class='ocrx_word' id='word_1_111' title='bbox 447 2359 556 2420; x_wconf 86' lang='lat' dir='ltr'>studiis</span> <span class='ocrx_word' id='word_1_112' title='bbox 579 2361 720 2439; x_wconf 85' lang='lat' dir='ltr'>gaudens</span> <span class='ocrx_word' id='word_1_113' title='bbox 743 2360 923 2438; x_wconf 83' lang='lat' dir='ltr'>congaudeo</span> <span class='ocrx_word' id='word_1_114' title='bbox 945 2361 1068 2437; x_wconf 89' lang='lat' dir='ltr'>vestris,</span> 
     </span>
     <span class='ocr_line' id='line_1_20' title="bbox 221 2461 965 2543; baseline 0.003 -21"><span class='ocrx_word' id='word_1_115' title='bbox 221 2461 307 2536; x_wconf 90' lang='lat' dir='ltr'>„Nec</span> <span class='ocrx_word' id='word_1_116' title='bbox 328 2463 415 2525; x_wconf 87' lang='lat' dir='ltr'>vobis</span> <span class='ocrx_word' id='word_1_117' title='bbox 438 2463 530 2525; x_wconf 89' lang='lat' dir='ltr'>eredo</span> <span class='ocrx_word' id='word_1_118' title='bbox 553 2463 600 2524; x_wconf 83' lang='lat' dir='ltr'>fas</span> <span class='ocrx_word' id='word_1_119' title='bbox 624 2481 694 2524; x_wconf 87' lang='lat' dir='ltr'>esse</span> <span class='ocrx_word' id='word_1_120' title='bbox 717 2479 836 2540; x_wconf 88' lang='lat' dir='ltr'>negare</span> <span class='ocrx_word' id='word_1_121' title='bbox 859 2462 965 2543; x_wconf 86' lang='lat' dir='ltr'>pet&#39;ta.</span> 
     </span>
     <span class='ocr_line' id='line_1_21' title="bbox 220 2565 1051 2647; baseline 0.001 -22"><span class='ocrx_word' id='word_1_122' title='bbox 220 2565 298 2640; x_wconf 89' lang='lat' dir='ltr'>„Hic</span> <span class='ocrx_word' id='word_1_123' title='bbox 322 2566 381 2628; x_wconf 90' lang='lat' dir='ltr'>dno</span> <span class='ocrx_word' id='word_1_124' title='bbox 404 2569 542 2630; x_wconf 91' lang='lat' dir='ltr'>rectores</span> <span class='ocrx_word' id='word_1_125' title='bbox 565 2566 690 2628; x_wconf 80' lang='lat' dir='ltr'>inerant</span> <span class='ocrx_word' id='word_1_126' title='bbox 712 2565 875 2644; x_wconf 88' lang='lat' dir='ltr'>aliqnando</span> <span class='ocrx_word' id='word_1_127' title='bbox 897 2567 1051 2647; x_wconf 88' lang='lat' dir='ltr'>potentes,</span> 
     </span>
     <span class='ocr_line' id='line_1_22' title="bbox 221 2667 1043 2750; baseline 0 -20"><span class='ocrx_word' id='word_1_128' title='bbox 221 2667 372 2744; x_wconf 88' lang='lat' dir='ltr'>„Praesul</span> <span class='ocrx_word' id='word_1_129' title='bbox 392 2667 578 2730; x_wconf 81' lang='lat' dir='ltr'>Anastasius</span> <span class='ocrx_word' id='word_1_130' title='bbox 601 2668 683 2730; x_wconf 87' lang='lat' dir='ltr'>sedis</span> <span class='ocrx_word' id='word_1_131' title='bbox 706 2667 917 2730; x_wconf 85' lang='lat' dir='ltr'>sanctissimus</span> <span class='ocrx_word' id='word_1_132' title='bbox 942 2669 1043 2750; x_wconf 88' lang='lat' dir='ltr'>hujus,</span> 
     </span>
     <span class='ocr_line' id='line_1_23' title="bbox 220 2741 961 2854; baseline 0 -22"><span class='ocrx_word' id='word_1_133' title='bbox 220 2771 281 2846; x_wconf 90' lang='lat' dir='ltr'>„Et</span> <span class='ocrx_word' id='word_1_134' title='bbox 302 2773 524 2854; x_wconf 84' lang='lat' dir='ltr'>coapostolicus</span> <span class='ocrx_word' id='word_1_135' title='bbox 545 2791 635 2834; x_wconf 85' lang='lat' dir='ltr'>sacer</span> <span class='ocrx_word' id='word_1_136' title='bbox 656 2741 856 2834; x_wconf 56' lang='lat' dir='ltr'>lnnocefflius</span> <span class='ocrx_word' id='word_1_137' title='bbox 880 2773 961 2852; x_wconf 80' lang='lat' dir='ltr'>ejus3</span> 
     </span>
    </p>

    <p class='ocr_par' dir='ltr' id='par_1_8' title="bbox 137 2870 1136 3370">
     <span class='ocr_line' id='line_1_24' title="bbox 137 2870 1136 2958; baseline 0.004 -24"><span class='ocrx_word' id='word_1_138' title='bbox 137 2870 206 2935; x_wconf 84' lang='grc'><strong>110.</strong></span> <span class='ocrx_word' id='word_1_139' title='bbox 220 2875 303 2952; x_wconf 80' lang='lat' dir='ltr'>„Qui</span> <span class='ocrx_word' id='word_1_140' title='bbox 323 2879 393 2958; x_wconf 90' lang='lat' dir='ltr'>post</span> <span class='ocrx_word' id='word_1_141' title='bbox 414 2879 570 2958; x_wconf 87' lang='lat' dir='ltr'>pastorem</span> <span class='ocrx_word' id='word_1_142' title='bbox 590 2875 719 2937; x_wconf 90' lang='lat' dir='ltr'>Petrum</span> <span class='ocrx_word' id='word_1_143' title='bbox 740 2874 932 2954; x_wconf 88' lang='lat' dir='ltr'>Paulumque</span> <span class='ocrx_word' id='word_1_144' title='bbox 954 2875 1136 2955; x_wconf 83' lang='lat' dir='ltr'>magistrum</span> 
     </span>
     <span class='ocr_line' id='line_1_25' title="bbox 218 2977 1031 3060; baseline 0.002 -22"><span class='ocrx_word' id='word_1_145' title='bbox 218 2977 397 3054; x_wconf 89' lang='lat' dir='ltr'>„Ecclesiae</span> <span class='ocrx_word' id='word_1_146' title='bbox 420 2979 537 3040; x_wconf 88' lang='lat' dir='ltr'>meritis</span> <span class='ocrx_word' id='word_1_147' title='bbox 560 2979 700 3040; x_wconf 87' lang='lat' dir='ltr'>celebres</span> <span class='ocrx_word' id='word_1_148' title='bbox 722 2978 840 3038; x_wconf 89' lang='lat' dir='ltr'>fulsere</span> <span class='ocrx_word' id='word_1_149' title='bbox 863 2979 1031 3060; x_wconf 78' lang='lat' dir='ltr'>supremis3</span> 
     </span>
     <span class='ocr_line' id='line_1_26' title="bbox 217 3081 1036 3163; baseline 0.002 -21"><span class='ocrx_word' id='word_1_150' title='bbox 217 3081 377 3158; x_wconf 79' lang='lat' dir='ltr'>„Quorum</span> <span class='ocrx_word' id='word_1_151' title='bbox 398 3083 461 3144; x_wconf 86' lang='lat' dir='ltr'>tarn</span> <span class='ocrx_word' id='word_1_152' title='bbox 483 3101 598 3162; x_wconf 85' lang='lat' dir='ltr'>magna</span> <span class='ocrx_word' id='word_1_153' title='bbox 620 3084 786 3144; x_wconf 83' lang='lat' dir='ltr'>servantur</span> <span class='ocrx_word' id='word_1_154' title='bbox 809 3101 938 3163; x_wconf 89' lang='lat' dir='ltr'>corpora</span> <span class='ocrx_word' id='word_1_155' title='bbox 962 3101 1036 3144; x_wconf 86' lang='lat' dir='ltr'>cura</span> 
     </span>
     <span class='ocr_line' id='line_1_27' title="bbox 217 3182 1089 3267; baseline 0.003 -22"><span class='ocrx_word' id='word_1_156' title='bbox 217 3182 397 3259; x_wconf 87' lang='lat' dir='ltr'>„Hactenus</span> <span class='ocrx_word' id='word_1_157' title='bbox 420 3203 438 3246; x_wconf 90' lang='grc'>5</span> <span class='ocrx_word' id='word_1_158' title='bbox 461 3187 580 3248; x_wconf 89' lang='lat' dir='ltr'>cunctis</span> <span class='ocrx_word' id='word_1_159' title='bbox 602 3186 693 3267; x_wconf 88' lang='lat' dir='ltr'>hujus</span> <span class='ocrx_word' id='word_1_160' title='bbox 716 3187 888 3248; x_wconf 88' lang='lat' dir='ltr'>rectoribus</span> <span class='ocrx_word' id='word_1_161' title='bbox 911 3186 1005 3263; x_wconf 91' lang='lat' dir='ltr'>urbis,</span> <span class='ocrx_word' id='word_1_162' title='bbox 1086 3229 1089 3234; x_wconf 91' lang='lat'><em>-</em></span> 
     </span>
     <span class='ocr_line' id='line_1_28' title="bbox 220 3287 1128 3370; baseline 0.002 -19"><span class='ocrx_word' id='word_1_163' title='bbox 220 3287 282 3361; x_wconf 86' lang='lat' dir='ltr'>„Ut</span> <span class='ocrx_word' id='word_1_164' title='bbox 295 3308 362 3350; x_wconf 58' lang='lat' dir='ltr'>*nec</span> <span class='ocrx_word' id='word_1_165' title='bbox 383 3289 565 3370; x_wconf 87' lang='lat' dir='ltr'>particulam</span> <span class='ocrx_word' id='word_1_166' title='bbox 588 3288 750 3368; x_wconf 88' lang='lat' dir='ltr'>quisquam</span> <span class='ocrx_word' id='word_1_167' title='bbox 772 3288 963 3360; x_wconf 66' lang='lat' dir='ltr'>subtraxerit</span> <span class='ocrx_word' id='word_1_168' title='bbox 984 3309 1128 3370; x_wconf 88' lang='lat' dir='ltr'>unquam,</span> 
     </span>
    </p>

    <p class='ocr_par' dir='ltr' id='par_1_9' title="bbox 132 3387 1100 3783">
     <span class='ocr_line' id='line_1_29' title="bbox 132 3387 1100 3466; baseline 0.004 -15"><span class='ocrx_word' id='word_1_169' title='bbox 132 3387 203 3452; x_wconf 82' lang='lat'>175.</span> <span class='ocrx_word' id='word_1_170' title='bbox 217 3391 332 3466; x_wconf 87' lang='lat' dir='ltr'>„Pleno</span> <span class='ocrx_word' id='word_1_171' title='bbox 353 3393 559 3456; x_wconf 88' lang='lat' dir='ltr'>membrorum</span> <span class='ocrx_word' id='word_1_172' title='bbox 580 3411 708 3455; x_wconf 90' lang='lat' dir='ltr'>numero</span> <span class='ocrx_word' id='word_1_173' title='bbox 730 3393 912 3452; x_wconf 87' lang='lat' dir='ltr'>remanente</span> <span class='ocrx_word' id='word_1_174' title='bbox 933 3409 1100 3455; x_wconf 88' lang='lat' dir='ltr'>sacrorum.</span> 
     </span>
     <span class='ocr_line' id='line_1_30' title="bbox 217 3493 990 3576; baseline -0.003 -20"><span class='ocrx_word' id='word_1_175' title='bbox 217 3493 299 3570; x_wconf 83' lang='lat' dir='ltr'>„Sed</span> <span class='ocrx_word' id='word_1_176' title='bbox 321 3494 392 3574; x_wconf 91' lang='lat' dir='ltr'>quia</span> <span class='ocrx_word' id='word_1_177' title='bbox 411 3497 484 3576; x_wconf 90' lang='lat' dir='ltr'>jure</span> <span class='ocrx_word' id='word_1_178' title='bbox 506 3494 564 3576; x_wconf 89' lang='lat' dir='ltr'>piis</span> <span class='ocrx_word' id='word_1_179' title='bbox 588 3496 759 3558; x_wconf 87' lang='lat' dir='ltr'>concedere</span> <span class='ocrx_word' id='word_1_180' title='bbox 781 3495 878 3556; x_wconf 88' lang='lat' dir='ltr'>debeo</span> <span class='ocrx_word' id='word_1_181' title='bbox 901 3493 990 3571; x_wconf 82' lang='lat' dir='ltr'>votis,</span> 
     </span>
     <span class='ocr_line' id='line_1_31' title="bbox 216 3597 947 3679; baseline -0.008 -19"><span class='ocrx_word' id='word_1_182' title='bbox 216 3599 404 3673; x_wconf 86' lang='lat' dir='ltr'>„Ambornm</span> <span class='ocrx_word' id='word_1_183' title='bbox 425 3599 512 3661; x_wconf 84' lang='lat' dir='ltr'>vobis</span> <span class='ocrx_word' id='word_1_184' title='bbox 536 3599 653 3660; x_wconf 86' lang='lat' dir='ltr'>donabo</span> <span class='ocrx_word' id='word_1_185' title='bbox 677 3597 808 3679; x_wconf 86' lang='lat' dir='ltr'>pignora</span> <span class='ocrx_word' id='word_1_186' title='bbox 830 3597 947 3677; x_wconf 73' lang='lat' dir='ltr'>gratis„</span> 
     </span>
     <span class='ocr_line' id='line_1_32' title="bbox 215 3699 1024 3783; baseline -0.002 -20"><span class='ocrx_word' id='word_1_187' title='bbox 215 3700 422 3783; x_wconf 79' lang='lat' dir='ltr'>„Corporibus</span> <span class='ocrx_word' id='word_1_188' title='bbox 445 3702 542 3763; x_wconf 86' lang='lat' dir='ltr'>sacris</span> <span class='ocrx_word' id='word_1_189' title='bbox 564 3702 684 3764; x_wconf 85' lang='lat' dir='ltr'>abscisa</span> <span class='ocrx_word' id='word_1_190' title='bbox 705 3703 849 3783; x_wconf 88' lang='lat' dir='ltr'>patenter</span> <span class='ocrx_word' id='word_1_191' title='bbox 872 3703 910 3764; x_wconf 90' lang='lat' dir='ltr'>ab</span> <span class='ocrx_word' id='word_1_192' title='bbox 932 3699 1024 3782; x_wconf 76' lang='lat' dir='ltr'>ipsis5</span> 
     </span>
    </p>
   </div>
   <div class='ocr_carea' id='block_1_3' title="bbox 128 3891 309 3900">
    <p class='ocr_par' dir='ltr' id='par_1_10' title="bbox 128 3891 309 3900">
     <span class='ocr_line' id='line_1_33' title="bbox 128 3891 309 3900; baseline 0 0"><span class='ocrx_word' id='word_1_193' title='bbox 128 3891 309 3900; x_wconf 47' lang='grc' dir='ltr'>..μ-...ψ-</span> 
     </span>
    </p>
   </div>
   <div class='ocr_carea' id='block_1_4' title="bbox 157 4003 1161 4202">
    <p class='ocr_par' dir='ltr' id='par_1_11' title="bbox 157 4003 1161 4202">
     <span class='ocr_line' id='line_1_34' title="bbox 157 4003 1161 4062; baseline 0.001 -14"><span class='ocrx_word' id='word_1_194' title='bbox 157 4006 305 4061; x_wconf 73' lang='grc'><strong>152.5515,</strong></span> <span class='ocrx_word' id='word_1_195' title='bbox 327 4005 395 4062; x_wconf 77' lang='grc'><strong>551.;</strong></span> <span class='ocrx_word' id='word_1_196' title='bbox 417 4006 435 4049; x_wconf 82' lang='grc' dir='ltr'><strong>Α</strong></span> <span class='ocrx_word' id='word_1_197' title='bbox 457 4006 736 4061; x_wconf 64' lang='lat' dir='ltr'>ascensurumque,</span> <span class='ocrx_word' id='word_1_198' title='bbox 756 4003 962 4059; x_wconf 74' lang='lat' dir='ltr'>H„Lb.folgend.</span> <span class='ocrx_word' id='word_1_199' title='bbox 993 4007 1161 4051; x_wconf 62' lang='grc'><strong>1555555115-</strong></span> 
     </span>
     <span class='ocr_line' id='line_1_35' title="bbox 219 4075 1160 4133; baseline 0 -15"><span class='ocrx_word' id='word_1_200' title='bbox 219 4089 283 4131; x_wconf 78' lang='lat' dir='ltr'>que,</span> <span class='ocrx_word' id='word_1_201' title='bbox 301 4078 357 4133; x_wconf 67' lang='grc' dir='ltr'>ΔΜ</span> <span class='ocrx_word' id='word_1_202' title='bbox 373 4079 561 4131; x_wconf 76' lang='lat' dir='ltr'>meritisque,</span> <span class='ocrx_word' id='word_1_203' title='bbox 578 4077 620 4122; x_wconf 82' lang='lat' dir='ltr'>Lb.</span> <span class='ocrx_word' id='word_1_204' title='bbox 651 4079 694 4121; x_wconf 86' lang='grc'><strong>161.</strong></span> <span class='ocrx_word' id='word_1_205' title='bbox 710 4077 872 4130; x_wconf 73' lang='lat' dir='ltr'>rogandum,</span> <span class='ocrx_word' id='word_1_206' title='bbox 887 4075 914 4119; x_wconf 83' lang='lat' dir='ltr'>ll.</span> <span class='ocrx_word' id='word_1_207' title='bbox 946 4077 989 4119; x_wconf 78' lang='lat'><strong>16⁴2.</strong></span> <span class='ocrx_word' id='word_1_208' title='bbox 1004 4075 1037 4116; x_wconf 73' lang='lat' dir='ltr'>At</span> <span class='ocrx_word' id='word_1_209' title='bbox 1051 4089 1160 4131; x_wconf 76' lang='lat' dir='ltr'>summus,</span> 
     </span>
     <span class='ocr_line' id='line_1_36' title="bbox 220 4142 995 4202; baseline 0.001 -15"><span class='ocrx_word' id='word_1_210' title='bbox 220 4145 247 4188; x_wconf 85' lang='lat' dir='ltr'>ll.</span> <span class='ocrx_word' id='word_1_211' title='bbox 276 4147 368 4191; x_wconf 67' lang='grc'><strong>165155</strong></span> <span class='ocrx_word' id='word_1_212' title='bbox 383 4147 520 4201; x_wconf 72' lang='grc'><strong>5555555115,</strong></span> <span class='ocrx_word' id='word_1_213' title='bbox 535 4147 577 4202; x_wconf 79' lang='lat' dir='ltr'>Ap.</span> <span class='ocrx_word' id='word_1_214' title='bbox 607 4147 651 4190; x_wconf 86' lang='grc'><strong>178.</strong></span> <span class='ocrx_word' id='word_1_215' title='bbox 665 4147 781 4200; x_wconf 78' lang='lat' dir='ltr'>abelae,</span> <span class='ocrx_word' id='word_1_216' title='bbox 795 4146 845 4201; x_wconf 74' lang='lat' dir='ltr'>Ap„</span> <span class='ocrx_word' id='word_1_217' title='bbox 862 4143 915 4187; x_wconf 71' lang='lat' dir='ltr'>nen.</span> <span class='ocrx_word' id='word_1_218' title='bbox 929 4156 952 4188; x_wconf 85' lang='lat' dir='ltr'>u.</span> <span class='ocrx_word' id='word_1_219' title='bbox 967 4142 995 4188; x_wconf 89' lang='grc'>11.</span> 
     </span>
    </p>
   </div>
   <div class='ocr_carea' id='block_1_5' title="bbox 0 0 1544 4892">
    <p class='ocr_par' dir='ltr' id='par_1_12' title="bbox 0 0 1544 4892">
     <span class='ocr_line' id='line_1_37' title="bbox 0 0 1544 4892; baseline 0 4"><span class='ocrx_word' id='word_1_220' title='bbox 0 0 1544 4892; x_wconf 95' lang='lat' dir='ltr'> </span> 
     </span>
    </p>
   </div>
  </div>
 </body>
</html>
