3080 4892
788 485 1027 555 ...290-

857 663 878 726 S
916 683 965 726 es.

393 767 532 851 Vulpina
552 767 661 832 fraude
682 767 819 849 loqueris
842 771 874 831 et
886 685 1187 850 Iiersipelliastutia,
1209 767 1426 852 Antiocha,⁴³)

395 873 539 936 adularis.

794 955 1031 1019 Antiochus,

396 1062 543 1147 Quiesce,
561 1061 679 1138 infelix,
701 1061 952 1123 verbositas'tua
973 1081 1055 1124 nunc
1078 1065 1127 1124 est
1147 1062 1293 1126 finienda.

854 1163 962 1247 Spes

393 1269 480 1347 Nou,
502 1271 538 1332 ut
560 1287 684 1351 speras,
714 1267 871 1344 evenerit,
894 1268 951 1330 sed
973 1268 1028 1330 tibi
1048 1271 1165 1350 tuoque
1188 1271 1323 1354 principi
1343 1293 1430 1335 nunc

396 1375 488 1436 etiam
510 1373 647 1435 confusio
670 1372 777 1434 aderit.

790 1475 1032 1537 Hadrianus.

396 1578 478 1652 Quid
501 1582 599 1642 sentio
621 1597 721 1642 novae
743 1577 938 1640 dulcedinis?
961 1579 1046 1650 Quid
1068 1580 1179 1642 odoror
1191 1579 1236 1661 ⁴4)
1253 1583 1428 1664 stupendae

396 1683 580 1746 suavitatis?

856 1767 963 1849 Spes

395 1873 578 1936 Decidentia
600 1873 702 1933 frusta
711 1870 756 1951 45)
777 1871 838 1932 mei
859 1871 988 1932 lacerati
1004 1872 1147 1952 corporis
1181 1871 1256 1936 daut
1284 1875 1428 1955 fragran-

396 1976 539 2058 aarum)
561 1976 745 2058 paradisiaci
767 1974 928 2049 aromatis,
958 1995 1018 2054 quo
1040 1976 1149 2037 nolens
1173 1978 1295 2057 cogeris
1327 1979 1429 2056 fateri,

395 2101 446 2142 me
467 2099 529 2142 non
550 2099 642 2161 posse
664 2079 820 2160 suppliciis
842 2078 932 2138 laedi.

787 2181 1031 2242 Hadrianus.

396 2287 557 2362 Antioche,
580 2287 654 2370 quid
675 2285 757 2348 enim
778 2285 851 2344 mihi
875 2288 923 2346 est
944 2284 1123 2364 agendum?

796 2388 1029 2449 Antiochus.

396 2495 495 2560 Novis
518 2495 704 2558 cruciatibus
725 2491 971 2554 incumbendum.

792 2594 1030 2656 Hadrianus.

397 2703 539 2766 Aeneum
565 2721 638 2779 vas,
668 2702 794 2784 pienum
822 2699 889 2760 oleo
920 2701 952 2758 et
981 2697 1089 2779 adipe,
1124 2716 1196 2759 cera
1225 2703 1320 2780 atque
1350 2701 1425 2784 pice,

397 2807 521 2887 ignibus
544 2807 779 2889 superponatur,
801 2803 831 2863 in
856 2802 936 2881 quod
958 2801 1056 2880 ligata
1077 2801 1254 2882 proiciatur.

794 2905 1028 2967 Antiochus.
1090 2935 1092 2938 ·

399 3013 432 3076 si
452 3014 484 3074 iu
504 3015 555 3094 jus
569 3011 711 3074 .Vuloaui
732 3011 882 3083 tradetur,
904 3008 1034 3069 forsitan
1057 3008 1209 3068 evadendi
1231 3008 1349 3069 aditum
1368 3030 1426 3071 nou

397 3116 602 3176 nanciscetur.
613 3113 654 3194 46)

861 3196 969 3277 Spea

398 3302 487 3364 Haec
515 3303 615 3363 virtus
645 3301 766 3363 Christo
795 3321 856 3361 non
886 3304 936 3362 est
962 3299 1101 3374 insolita,
1135 3303 1170 3362 ut
1198 3299 1305 3380 ignem
1333 3302 1426 3363 faciat

398 3408 569 3480 mitescere,
592 3409 709 3468 mutata
731 3408 851 3466 natura.

790 3507 1029 3569 Hadrianus

399 3613 482 3684 Quid
504 3613 603 3690 audio,
626 3613 787 3689 Antioche,
809 3612 896 3672 velut
918 3611 1052 3671 sonitum
1073 3609 1250 3671 inundantis
1272 3612 1397 3690 aquae?

796 3714 1031 3777 Antiochus.

397 3803 479 3878 Heu,
502 3803 572 3879 heu,
595 3802 731 3864 domine!

789 3887 1032 3949 Hadrianus.

375 4051 378 4058 Ι
398 3973 481 4046 Quid
504 3973 631 4053 contigit
652 3973 763 4036 nobis?

422 4141 744 4198 43)Antiochi,c.u.s.
778 4141 1013 4197 dt)odoro‚c.n.
1046 4167 1053 4182 .
1147 4151 1178 4180 ru
1218 4150 1228 4179 r

474 4213 797 4270 henrimannum.
825 4211 1029 4267 Quaestione
1050 4221 1095 4266 ur,
1134 4221 1179 4254 .u.
1212 4238 1218 4253 .
