3144 4888
548 427 787 500 -127-ι

244 610 427 685 „Quondam
448 611 548 672 felicis
570 611 641 672 talis
664 612 702 672 de
724 613 863 690 germine
882 614 988 695 prolis,

155 711 227 774 280.
243 713 325 789 „Sed
347 733 430 774 nunc
453 714 553 774 orbati
573 714 685 774 misere
707 735 762 794 pro
785 716 894 776 funere
916 717 1004 778 nati?

239 817 339 892 „Hinc
361 819 448 897 patet
470 837 554 895 ergo,
576 822 660 877 tuam
681 820 824 891 mentem,
846 819 972 879 nimium
993 819 1143 895 vitiosam,

173 912 174 918 '
240 920 306 994 „lle
327 919 436 980 rivulis
456 920 596 998 magicae
619 920 736 980 fraudis
759 919 893 980 bibulam
915 922 990 982 satis
1013 941 1091 997 esee,

239 1023 437 1096 „Florenteru
458 1022 563 1102 primis
586 1023 658 1101 quia
678 1024 759 1083 forte
780 1041 893 1082 necare
916 1026 973 1085 sub
995 1025 1084 1084 anuis

239 1123 457 1198 „Subtraotum
480 1125 561 1184 dulci
579 1127 727 1204 juvenem
748 1126 813 1186 vita
834 1126 988 1188 voluisti.“

154 1223 228 1287 285.
243 1227 286 1286 At
308 1245 396 1286 saera
419 1227 563 1287 conviciis
585 1228 675 1305 virgo
697 1247 758 1288 non
780 1229 935 1307 frangitur
954 1229 1030 1304 istis,

244 1329 408 1390 Praefecto
430 1349 488 1390 nee
510 1349 692 1408 responsum
714 1331 864 1392 reddebat
885 1335 1038 1408 acerbum,

239 1432 349 1494 Dulcia
372 1436 427 1492 sed
449 1453 560 1494 resono
582 1433 772 1512 profundens
794 1436 892 1494 verba
913 1435 1026 1514 palato,

241 1535 328 1595 Dixit
350 1535 491 1608 facunde,
514 1536 593 1594 bene
616 1537 782 1615 composita
804 1537 938 1598 ratione:

241 1637 330 1711 „Non
352 1657 410 1715 ego
434 1655 528 1698 causa
549 1637 634 1698 necis
652 1639 762 1718 juveni
783 1641 903 1700 fueram
925 1641 1077 1721 pereunti,

155 1735 228 1799 290.
244 1738 327 1814 „Sed
349 1740 448 1817 magis
469 1741 535 1820 ipse
558 1740 616 1800 sibi
637 1741 695 1800 fuit
715 1741 858 1802 incensor
879 1743 1037 1817 moriendi,

241 1839 443 1916 „Glorifioare
464 1843 565 1902 Deum
587 1843 700 1903 stultus
722 1844 793 1922 quia
815 1848 979 1924 spreverat
999 1845 1095 1922 illum,

242 1942 369 2018 „Gloria
392 1945 523 2004 testifico
547 1946 635 2025 cujus
657 1947 835 2026 praefulget
856 1947 887 2006 in
909 1951 1005 2009 antro.

184 2104 190 2116 ,
243 2046 326 2122 „Sed
347 2067 437 2122 nuno,
461 2051 496 2108 ut
517 2049 610 2127 plane
632 2050 696 2108 toto
720 2049 871 2110 clarescat
892 2051 923 2110 in
946 2053 1019 2111 orbe

241 2149 336 2229 „Ejus
358 2152 504 2230 majestas
527 2170 646 2210 necnon
669 2153 830 2230 praecelsa
851 2155 997 2233 potestas,

153 2248 225 2311 295.
244 2252 365 2331 „Ipsius
389 2271 517 2313 suavem
539 2253 673 2332 supplex
695 2273 747 2313 oro
770 2249 924 2334 pietatem,

243 2355 304 2428 „Ut
326 2375 436 2434 corpus
459 2355 593 2432 rigidum
610 2357 719 2435 jubeat
740 2358 932 2417 recalescere
955 2377 1079 2418 rursum

240 2457 363 2537 „Atque
385 2478 500 2518 novum
520 2459 665 2518 membris
688 2459 840 2519 hominem
862 2462 987 2540 reparet
1004 2460 1179 2521 redivivis.“

241 2561 335 2635 Dixit,
360 2564 392 2620 et
414 2563 551 2620 astantes
574 2561 682 2639 egredi
704 2568 907 2642 praeceperat
929 2583 1042 2638 omnen,

236 2663 286 2738 Et,
308 2667 464 2743 prostrata
486 2664 551 2724 solo
573 2663 766 2742 fundensque
789 2684 899 2744 preces
919 2665 1116 2740 lacrimando,

152 2762 223 2825 300.
239 2765 398 2827 Praestari
420 2767 498 2846 petit
519 2784 538 2826 a
560 2766 689 2827 Domino
711 2767 834 2827 veniam
856 2768 1019 2830 sceleroso.

238 2865 295 2928 Cui
316 2889 390 2928 mox
412 2871 522 2942 oranti,
545 2870 657 2930 misero
680 2869 836 2948 vitamque
858 2872 997 2950 precant'

234 2971 375 3048 Angelus
398 2973 541 3034 astiterat
562 2974 875 3052 procumbentemque
897 2973 1043 3048 levabat,-

234 3072 392 3134 Praebens
416 3075 575 3154 colloquiis
598 3075 642 3134 illi
665 3076 802 3135 solamen
825 3076 940 3152 amicis,

234 3175 272 3234 ln
295 3179 453 3255 verboque
475 3178 533 3238 Dei
552 3178 653 3258 jussit,
675 3178 792 3238 uirtute
814 3179 933 3258 potenti

148 3275 219 3338 305.
236 3278 417 3340 Extinctum
440 3281 540 3341 subito
563 3281 638 3340 flatu
660 3280 778 3340 vixisse
801 3285 966 3361 resumpto.

233 3379 295 3450 Qui
318 3381 407 3440 citius
430 3382 510 3443 dioto
530 3383 636 3462 jussus
659 3381 798 3442 surrexit
820 3369 857 3442 ab
880 3383 982 3456 humo,

234 3481 362 3542 Viribus
385 3487 417 3545 et
440 3485 558 3545 cunctis
580 3487 672 3565 plene
694 3483 839 3544 membris
862 3484 1024 3557 rest'tutis,

233 3584 280 3644 Ac
304 3585 428 3648 laudum
452 3587 559 3647 dulces
582 3606 734 3668 spargens
756 3605 851 3666 super
873 3585 1001 3646 aethera
1023 3605 1126 3662 voees,

235 3685 350 3748 Grates
373 3689 518 3749 continuo
541 3691 683 3751 solvebat
703 3692 806 3750 mente
826 3688 960 3769 jocundo

167 3939 215 3982 280.
231 3951 271 3991 pru
287 3941 371 3992 frene,
387 3939 427 3996 Μ.;
446 3940 528 3995 fune,
542 3941 567 3985 Ρ.
595 3941 642 3986 ¹284.
658 3939 825 3996 subtracta,
841 3941 865 3987 C.
881 3955 903 3985 u.
918 3938 940 3986 S.
966 3943 1014 3987 ⁴286.
1029 3940 1177 4000 Profecto,

235 4007 259 4051 C.
274 4023 296 4052 u.
312 4007 335 4052 S.
363 4009 409 4054 289.
425 4009 509 4050 luerem
525 4010 613 4064 jurent,
626 4011 650 4052 C.
666 4023 688 4051 u·
702 4011 724 4052 S.
751 4015 797 4055 ί197.
813 4015 945 4066 reperet,
960 4013 983 4054 0.
1011 4013 1176 4068 megredt

234 4081 404 4130 praecerat,
421 4077 462 4132 M.;
486 4081 587 4131 egredi
604 4084 820 4133 praeceperat,
840 4081 876 4136 P.;
898 4082 1004 4122 obeant
1026 4089 1178 4138 praeeepe'

231 4149 283 4202 rat,
301 4147 335 4206 C.;
350 4147 466 4202 regredi
487 4153 693 4206 praeceperat,
709 4149 733 4195 S.
761 4149 961 4206 aoa.jocu11ce,
976 4150 1001 4196 c.
1016 4159 1039 4197 a.
1055 4150 1078 4196 8.
