3134 4896
769 445 987 526 *60⁴-

539 637 679 704 Muneris
700 637 820 702 interea
840 635 945 719 magni
966 636 1001 699 flt
1021 653 1132 719 pompa
1152 629 1262 718 parati,

363 742 439 810 490.
498 745 618 809 Ornant
640 728 790 824 e'rrequiae
813 761 924 824 corpus
945 744 977 802 et
998 740 1156 816 exanime3

449 849 644 928 Plangebant
666 846 767 908 cuncti
790 865 895 906 casum
916 844 1055 924 tantique
1078 844 1208 925 patroni,

494 951 597 1033 Ipsius
619 950 725 1011 famuli
747 949 879 1010 maxime
902 949 957 1008 sed
979 947 1091 1008 miseri.

451 1053 646 1135 Eligitnrque
667 1054 753 1115 locus
776 1052 894 1114 tumulo
915 1052 1053 1133 locuples
1075 1051 1263 1123 venerando,

482 1155 595 1228 'Quem
617 1158 744 1218 tradunt
766 1159 891 1216 veteres
914 1155 973 1216 'l'ul
995 1154 1132 1215 vocitare
1154 1156 1268 1234 patres,

364 1257 436 1323 495.
451 1259 521 1321 Illic
543 1258 687 1340 Gongolfi
710 1259 882 1320 condebant
904 1259 1040 1318 membra
1062 1257 1152 1329 beati,

490 1363 601 1424 Sacros
624 1365 808 1443 spargentes
830 1381 899 1422 oum
921 1361 1054 1422 lacrimis
1077 1361 1206 1421 cineres.

445 1466 520 1528 Post
541 1466 619 1526 haee
639 1484 699 1526 non
723 1483 793 1526 raro
814 1465 981 1526 visitabant
1003 1483 1073 1526 ossa
1095 1466 1224 1538 sacrata,

546 1568 741 1639 Quaerentes
764 1572 882 1629 certum
905 1567 1037 1647 denique
1060 1565 1253 1648 praesidium.

451 1671 639 1736 Sternuntur
661 1689 749 1732 sacro
772 1689 935 1753 procerum
957 1689 1078 1751 quoque
1101 1687 1229 1750 corpora
1253 1670 1342 1734 busto

367 1771 438 1837 500
495 1775 557 1837 Pro
579 1775 664 1836 ritae
687 1775 787 1836 causis
809 1774 959 1836 instabilis
982 1773 1084 1834 uariis.

448 1879 516 1951 Ast,
538 1878 591 1958 qui
613 1881 737 1959 sceptra
758 1879 850 1958 gerit,
873 1879 1047 1960 prostratus
1069 1891 1221 1936 marmora
1242 1873 1349 1937 lambit

492 1980 534 2042 Ilt
555 1980 631 2042 libat
654 1982 769 2042 tumulo
792 1983 897 2042 oscula
918 1999 1097 2054 marmoreo,

449 2083 590 2158 Munere,
613 2103 677 2164 spe,
700 2084 799 2157 dictis,
819 2086 967 2164 rogitans,
990 2103 1050 2164 quo
1072 2083 1217 2163 martyris
1236 2081 1311 2146 alni

491 2185 553 2247 Pro
575 2187 691 2248 meritis
714 2185 855 2248 Christus
878 2187 918 2248 sit
940 2187 998 2248 sibi
1019 2187 1177 2269 propitius.
1292 2187 1296 2194 '

362 2286 433 2352 505.
522 2289 606 2360 Quid
628 2290 762 2351 referam
784 2292 914 2365 turbam,
938 2290 1044 2372 templi
1065 2307 1121 2371 pro
1143 2287 1253 2348 limine
1265 2289 1390 2368 jactam,

494 2393 617 2464 Quidve
640 2395 748 2475 loquor
765 2397 844 2456 'vota
866 2393 948 2454 illius
970 2393 1154 2455 innumera?
1237 2397 1239 2406 “

448 2497 537 2558 Haeo
558 2500 642 2559 certe
663 2498 768 2560 nullus
790 2498 870 2579 potis
891 2503 939 2558 est
961 2497 1173 2577 conprendere
1196 2513 1315 2568 sensus,

490 2599 557 2661 Neo
579 2604 709 2682 possunt
730 2601 812 2665 ullae
835 2601 938 2662 dicere
961 2600 1126 2662 litterulae.

447 2703 492 2765 At
514 2707 620 2764 contra
642 2723 719 2764 vero
741 2705 830 2765 testis
852 2704 1078 2785 prosperrimus
1100 2703 1175 2783 ipsis

363 2801 435 2866 510.
490 2803 638 2885 Largitur
660 2806 731 2866 talis
752 2825 881 2867 munera
904 2805 1084 2879 dulcedinis,

450 2906 555 2969 Omnis
577 2912 612 2971 ut
634 2910 749 2990 absque
771 2927 856 2970 mora
879 2911 981 2985 sentit,
1011 2911 1078 2971 fore
1100 2927 1249 2991 prospera
1272 2911 1394 2983 cuncta,

491 3010 675 3090 Efflagitant
697 3015 808 3074 testem
830 3033 886 3095 pro
908 3015 1018 3094 quibus
1041 3013 1211 3092 egregium.

450 3114 511 3176 Hic
533 3119 627 3189 certe,
650 3115 741 3190 laeto,
764 3136 884 3190 caecus,
907 3116 976 3176 visu
997 3120 1151 3197 reparato,

491 3217 605 3278 Haurit
626 3238 699 3280 mox
722 3219 816 3280 oculis
839 3219 966 3280 fulmina
987 3219 1072 3280 clara
1094 3219 1166 3293 suis,

364 3315 437 3380 515.
456 3320 560 3399 Atque
584 3321 636 3381 diu
659 3322 783 3382 clausae
806 3325 987 3384 reserantur
1008 3324 1135 3385 vocibus
1157 3341 1257 3395 aures,
1313 3361 1315 3366 ·

490 3421 535 3483 Et
557 3443 685 3503 gressus
708 3426 821 3507 plantis
843 3427 983 3488 redditur
1004 3426 1156 3487 invalidis.

451 3524 512 3588 Hic
534 3547 656 3608 quoque
679 3529 718 3589 de
740 3529 836 3591 variis
857 3531 981 3592 morbus
1004 3529 1171 3611 depellitur
1193 3527 1309 3607 aegris,

492 3628 650 3692 Mundatis
672 3633 815 3694 membris
838 3633 970 3715 denique
992 3635 1023 3695 la
1047 3631 1187 3713 guidolis.

366 3761 546 3774 -—-—r——-

389 3826 436 3871 08⁹.
450 3827 462 3880 ί
476 3830 488 3880 )
503 3827 618 3880 Unctis,
633 3829 668 3884 c.;
683 3831 815 3884 doneris,
832 3829 917 3882 §.lam
930 3830 982 3882 tul,
998 3831 1028 3874 Μ.
1042 3830 1227 3887 Gaugaliwde
1240 3833 1280 3874 der
1291 3828 1395 3886 Legenda

451 3895 507 3936 naeb
523 3897 545 3938 lu
560 3897 671 3940 dorstadt
685 3898 742 3942 Toni
759 3901 877 3954 brgrabeu.
918 3899 1126 3942 c.1te·tnrtund
1150 3899 1174 3946 S.
1195 3901 1232 3944 luat
1252 3900 1303 3953 Nlla
1323 3901 1392 3955 vergi.

451 3966 500 4008 25⁵.
515 3963 562 4008 tw.
578 3966 717 4020 dirique,
733 3967 764 4008 Μ.
792 3969 837 4012 499.
855 3969 952 4020 busta,
970 3957 1079 4015 01¹.ss
1097 3971 1143 4013 5⁰1.
1161 3981 1312 4023 marmore,
1329 3971 1354 4014 c.
1371 3985 1394 4012 u.

452 4033 476 4076 S.
491 4033 538 4076 ξω.
553 4039 679 4088 posunt,
696 4035 794 4080 aban
823 4039 1099 4093 bilbprnaperlnus,
1114 4040 1180 4082 bin.
1195 4041 1219 4082 Ρ.
1245 4041 1292 4086 bra
1306 4038 1337 4085 Et
1356 4039 1397 4084 fln-

456 4103 684 4211 gltppitfldal'.
711 4106 756 4150 513,
776 4107 886 4160 caecis,
907 4107 1001 4152 (bus.
1035 4111 1219 4162 blo-blancis,
1237 4109 1343 4152 nar.
1362 4111 1397 4162 ltu

452 4180 507 4222 re·
539 4174 574 4226 a)
