3144 4888
539 483 777 558 -141-2·

243 685 287 736 ac
298 665 539 738 solummodo
555 655 811 740 familiaribus
829 669 925 741 meis
944 653 1174 764 ostendercg

244 780 346 850 unde
377 802 505 873 paene
538 803 657 874 opera
686 783 857 853 cessavit
885 773 1049 854 dictandi
1073 785 1173 855 ultra

247 893 389 985 aliquid
414 891 644 985 hujusmodi,
659 887 880 989 quia,'sicut
904 895 1016 988 pauci
1044 897 1171 988 fuere,

248 1007 312 1098 qui
351 1030 411 1077 me
449 1008 638 1099 prodente
677 1011 966 1103 perspicerent,
1004 1010 1057 1080 ita
1096 1035 1175 1082 non

248 1119 368 1209 multi,
395 1121 475 1213 qui,
510 1123 571 1191 vel
599 1121 687 1214 quid
714 1122 984 1215 corrigendum
1011 1123 1174 1216 inesset,

247 1233 510 1321 enuclearent,
523 1235 586 1304 vel
600 1235 647 1304 ad
657 1235 909 1330 audendum⁴l
928 1235 1069 1328 aliquid
1086 1238 1174 1308 lruic
1211 1259 1214 1266 ’

249 1345 373 1416 simile
406 1331 676 1439 provocarent·
729 1350 778 1417 dt
802 1371 914 1438 nunc,
941 1349 1029 1441 quia
1055 1350 1173 1420 trium

250 1460 510 1542 testimonium
546 1465 697 1530 constat
730 1483 820 1530 esse
847 1483 997 1551 verum,
1028 1465 1171 1535 vestris

244 1575 494 1644 corroborata
513 1573 729 1663 sententiis,
749 1573 961 1644 fiducialius
971 1587 995 1663 ⁵)
1012 1598 1173 1669 praesu·

247 1709 322 1776 mo,
338 1692 377 1756 et
389 1686 665 1778 componendis
680 1709 838 1780 operam
856 1686 962 1777 dare,
973 1689 1006 1757 si
1020 1689 1173 1780 quando

248 1801 356 1870 Deus
390 1799 571 1869 annuerit
607 1821 744 1891 posse,
780 1805 819 1869 et
845 1821 1173 1894 quorumcumque

247 1913 479 2005 sapientium
514 1935 683 1984 examen
706 1913 852 1983 subire.
905 1913 1006 1983 lnter
1037 1914 1177 1996 haec⁸l

247 2025 410 2097 diversis
424 2024 640 2115 affectibus,
655 2025 795 2117 gaudio
810 2026 989 2096 videlicet
1004 2033 1044 2096 et
1057 2035 1175 2120 metu,

248 2139 285 2209 in
311 2139 505 2208 diversum
531 2139 686 2229 trahor,
716 2141 842 2208 lleum
864 2159 1043 2232 namque,
1067 2139 1177 2233 cujus

249 2251 489 2324 solummodo
527 2252 652 2350 gratia
685 2273 770 2321 sum
804 2250 852 2341 id,
885 2253 1109 2344 quodsum,
1137 2255 1176 2325 in

249 2388 310 2436 me
345 2363 492 2435 laudari
526 2365 759 2435 cordetenus
800 2363 983 2456 gaudeo,¹
1007 2366 1077 2436 sed
1101 2389 1179 2438 ma·

246 2477 322 2570 jor,
337 2499 451 2569 quam
472 2477 557 2566 sim,
577 2476 697 2546 videri
720 2478 851 2565 timeo,
865 2477 956 2568 quia
972 2483 1178 2571 utrumque

251 2590 364 2661 nefas
390 2611 481 2659 esse
507 2612 586 2660 non
612 2588 778 2681 ambigo,
804 2595 843 2658 et
866 2591 1075 2681 gratuitum
1105 2593 1178 2678 llei

250 2704 392 2774 donum
417 2723 580 2795 negare,
603 2707 643 2772 et
659 2723 738 2771 non
759 2710 959 2797 acceptum
979 2703 1178 2798 accepisse

248 2816 444 2888 simulare.
495 2813 606 2884 Unde
644 2837 722 2884 non
756 2814 921 2908 denego,
947 2822 1175 2907 praestante

249 2930 375 3023 gratia
384 2928 584 2998 Creatoris
594 2949 666 3021 per
676 2913 859 3018 dynamin
869 2951 930 2998 me
942 2935 1048 3000 artes
1062 2930 1177 3021 scire,

251 3044 341 3136 quia
361 3063 446 3112 sum
466 3040 608 3111 animal
625 3061 751 3133 capax
765 3030 1003 3134 disciplinae,
1019 3041 1088 3113 sed
1111 3065 1181 3136 per

253 3154 455 3246 energiam
471 3153 496 3232 ⁷)
523 3154 651 3224 fateor
690 3155 847 3226 omnino
876 3155 1041 3225 nescire.
1090 3155 1183 3226 Per·

252 3269 388 3362 spicax
407 3288 557 3360 quoque
571 3267 768 3359 ingenium
790 3267 974 3339 divinitus
994 3267 1086 3339 mihi
1108 3269 1184 3340 col·

256 3381 374 3451 latum
402 3401 492 3450 esse
509 3401 692 3472 agnosco,
717 3380 787 3451 sed
806 3381 1079 3473 magistrorum
1095 3404 1179 3453 ces·

251 3499 366 3564 sante
415 3492 632 3584 diligentia,
677 3493 860 3563 incultum
911 3499 951 3562 et
996 3495 1180 3586 propriae

258 3605 413 3701 pigritia
446 3604 609 3676 inertiae
639 3611 770 3699 torpet
795 3605 1025 3698 neglectum.
1078 3605 1185 3685 Qua·

251 3725 425 3814 propter,
451 3740 502 3789 ne
529 3719 568 3789 in
605 3742 667 3790 me
693 3720 835 3790 donum
864 3719 937 3790 Dei
962 3719 1182 3790 annullare·

154 3883 337 3896 —un—

196 3948 224 4031 ⁴)
247 3951 287 4010 ad
308 3950 567 4024 audiendum,
584 3947 700 4012 llus.
744 3948 770 4033 ὕ)
793 3949 1080 4028 fiducia-libus,
1103 3945 1136 4013 (l.

198 4052 225 4134 ⁶)
246 4052 360 4114 Intra
382 4053 468 4127 haec,
486 4053 536 4130 P,
555 4052 644 4114 inter
660 4055 749 4129 hoo,
772 4051 804 4116 Ο.
819 4074 848 4116 u.
863 4051 893 4117 S.
916 4053 942 4138 l)
965 4053 1185 4136 onorigian,

246 4137 305 4218 M,
334 4138 366 4202 in
395 4138 429 4202 P.
450 4138 493 4204 ist
514 4139 570 4202 das
590 4139 602 4201 i
622 4139 728 4204 radirt.
