3134 4896
794 473 1007 546 mm...

479 655 625 721 Gaudere
647 658 835 732 cunctorum,
857 657 985 720 Domino
1007 655 1124 720 iaciens
1145 656 1363 737 holocaustum,

480 761 562 833 Quid
583 761 651 823 fieri
670 761 766 842 jubet,
789 760 865 822 fusis
886 762 1029 843 precibus
1050 763 1211 842 rogitabat.

395 861 466 929 445.
478 863 534 927 (lui
556 885 629 926 mox
648 863 771 925 indiciis
793 863 903 926 divinis
925 865 984 926 ista
1003 867 1159 946 jubentur,

488 969 639 1052 Tempore
661 967 782 1049 digesto
804 967 861 1029 sibi
883 985 961 1048 qnae
983 969 1106 1030 fuerant
1127 969 1275 1032 facienda.

483 1073 695 1138 Praemcnitue
716 1072 821 1152 virgas
844 1071 895 1152 qui
915 1072 999 1133 misit
1019 1072 1158 1153 protinus
1179 1072 1263 1154 ipsas

483 1179 522 1242 In
545 1177 649 1258 templi
670 1179 809 1238 sanctum
830 1174 937 1236 famosi
956 1177 1026 1257 jure
1047 1178 1208 1251 secretum,

482 1281 687 1355 Demandans‚
710 1279 816 1360 quidni
838 1279 988 1340 collectim
1010 1280 1078 1339 luce
1100 1280 1241 1359 sequenti

397 1383 468 1450 450.
480 1385 579 1448 Judae
601 1383 725 1464 regales
746 1384 857 1444 iterum
880 1383 1003 1444 venisse
1024 1386 1163 1464 nepotes,

482 1488 734 1567 Unumquemque
757 1505 843 1546 suem
864 1506 986 1547 rursum
1007 1505 1128 1566 quoque
1143 1504 1265 1548 sumere
1283 1487 1421 1568 virgam3

484 1591 564 1654 Nam
585 1588 643 1652 sibi
663 1609 719 1672 pro
741 1589 833 1670 'aigne
852 1589 1088 1652 dictum'iuerat
1108 1591 1279 1666 manifesto,

481 1694 580 1776 Virgo
602 1693 684 1774 quod
705 1694 783 1754 haee
804 1693 890 1754 credi
910 1694 1038 1754 deberet
1058 1693 1168 1754 nobilis
1189 1692 1244 1768 illl,

480 1799 528 1860 Dc
549 1798 636 1880 cujus
657 1796 749 1876 virga
769 1796 914 1859 uolitaret
934 1796 993 1857 rite
1015 1796 1162 1872 columba,

399 1898 470 1966 455.
482 1901 570 1973 Quae
592 1899 718 1982 petiisse
739 1899 844 1981 polum
864 1901 1029 1982 temptaret
1050 1900 1188 1981 protinus
1210 1900 1312 1962 altum

525 2004 605 2066 Dum
626 2002 778 2064 termille
801 2020 873 2064 suae
893 2003 1063 2064 retinerent
1085 2003 1219 2084 denique
1242 2006 1349 2086 captas

483 2106 598 2187 Virgae
620 2123 771 2188 personae
792 2105 950 2187 praedicte
973 2099 1110 2188 tempere
1133 2110 1246 2182 certae,

484 2209 551 2272 Nee
572 2209 694 2288 signum
714 2209 826 2290 populo
848 2209 1039 2291 praedictum
1060 2211 1206 2272 redderet
1227 2210 1299 2286 ulla,

484 2313 603 2377 Obtulit
624 2311 782 2374 incensum
802 2313 928 2394 praesul
948 2313 1126 2374 venerabile
1147 2333 1270 2374 rursum

398 2416 470 2482 460.
483 2417 584 2498 Seque
607 2415 692 2477 dedit
712 2415 855 2497 precibus
877 2416 987 2478 devoto
1009 2419 1136 2498 pectore
1156 2417 1241 2478 fusis

484 2521 540 2585 Oui
560 2541 633 2582 mox
655 2520 783 2582 coelesti
804 2520 922 2581 dicetur
943 2538 1020 2581 voce
1040 2520 1195 2602 precanti:

485 2625 638 2706 „Virgula
658 2643 789 2704 namque
810 2623 914 2685 brevis
937 2623 1052 2705 Joseph
1070 2624 1147 2704 justi
1168 2623 1304 2699 senioris,

486 2729 593 2805 „Quae
611 2730 697 2810 jacet
717 2727 748 2788 in
770 2728 882 2808 templo
904 2746 962 2788 nec
983 2727 1164 2788 sollicitetur
1186 2728 1224 2788 ab
1245 2728 1318 2802 ullo,

485 2831 648 2914 „Implebit
669 2831 777 2891 merito
799 2830 921 2910 signum
941 2830 1136 2892 memorabile
1158 2831 1250 2892 sola.“

401 2930 472 2999 465.
568 2933 626 2995 His
648 2935 692 2996 ita
712 2932 814 3008 finitis,
837 2933 939 2994 senuit
960 2953 1024 2994 vox
1045 2934 1235 3015 pontificalis,

484 3039 645 3114 Mandane,
666 3037 698 3098 in
719 3037 850 3097 mediam
871 3034 988 3118 Jcseph
1010 3037 1178 3117 procedere
1200 3040 1328 3100 turbam.

484 3143 544 3205 Hic
565 3143 633 3204 eret
654 3141 800 3222 abjectus,
823 3141 920 3202 forma
941 3138 1086 3220 nullaque
1108 3139 1249 3218 decorus,

422 3235 429 3242 ’
487 3247 553 3310 Nec
574 3245 632 3308 sibi
654 3244 835 3326 complacuit
856 3243 945 3304 sociis
966 3243 1114 3306 interiore
1136 3245 1239 3320 tantis,

485 3349 547 3412 Sed
567 3368 658 3429 mage
679 3350 832 3431 postremo
855 3347 971 3428 gaudet
990 3367 1151 3410 remanere
1171 3349 1288 3410 locello.

399 3451 470 3517 470.
482 3454 543 3526 Qui
564 3473 644 3530 mox,
666 3456 701 3515 ut
721 3472 830 3515 uocem
852 3453 949 3514 sensit
970 3473 1004 3513 se
1026 3453 1105 3514 forte
1127 3453 1297 3527 vocantem,

484 3557 640 3622 Processit
659 3557 798 3640 pauidus,
820 3557 941 3637 virgam
962 3556 1172 3638 conprendere
1190 3556 1304 3636 jussus,

484 3661 535 3724 Ex
555 3681 614 3743 qua
637 3661 778 3724 continuo
800 3661 966 3742 splendens
989 3677 1117 3738 egressa
1138 3659 1276 3720 columba

485 3766 570 3828 Haut
587 3767 676 3826 tarde
698 3767 816 3827 coelum
837 3765 936 3824 fertur
957 3761 1083 3843 petiisse
1105 3765 1266 3824 secretum

485 3869 543 3932 Hie
564 3868 608 3931 ita
628 3868 800 3942 mansuetis,
822 3867 929 3928 laudes
951 3866 1039 3948 plebs
1055 3869 1219 3948 concrepat
1243 3864 1348 3943 omnis,

403 4043 580 4058 ,ο-υ--Πῠ

427 4144 472 4188 tlt.
487 4143 612 4193 alicnis,
626 4140 650 4182 0.
665 4151 686 4181 n.
702 4138 725 4183 S.
752 4137 799 4182 lle.
813 4138 950 4191 iudiciis,
968 4137 1006 4190 Μ.;
1023 4137 1044 4178 lu
1060 4137 1084 4178 P.
1100 4138 1250 4180 unbertlmmt.
1277 4137 1323 4181 450-
1339 4138 1420 4192 lude,

486 4212 540 4256 C.u
562 4209 781 4267 S.;regalls,l'.
809 4207 880 4262 co<
920 4203 1186 4263 )um,0.;cum‚S.

489 4666 495 4667 ἦ
529 4712 757 4830 m
